%% This BibTeX bibliography file was created using BibDesk.
%% http://bibdesk.sourceforge.net/

%% Created for Kevin Moore at 2019-07-18 19:41:44 -0700 


%% Saved with string encoding Unicode (UTF-8) 



@article{LUNAAS199115,
	Author = {Craig Lunaas},
	Date-Added = {2019-04-17 03:12:10 +0000},
	Date-Modified = {2019-04-17 03:12:10 +0000},
	Doi = {https://doi.org/10.1016/S1046-9095(05)80504-5},
	Issn = {1046-9095},
	Journal = {Journal of Air Medical Transport},
	Number = {11},
	Pages = {15 - 18},
	Title = {Category ``A'' operations for twin-engine helicopters},
	Url = {http://www.sciencedirect.com/science/article/pii/S1046909505805045},
	Volume = {10},
	Year = {1991},
	Bdsk-Url-1 = {http://www.sciencedirect.com/science/article/pii/S1046909505805045},
	Bdsk-Url-2 = {https://doi.org/10.1016/S1046-9095(05)80504-5}}

@article{Lan:1974aa,
	Author = {C. Edward Lan},
	Date-Added = {2018-10-12 03:24:29 +0000},
	Date-Modified = {2018-10-12 03:24:29 +0000},
	Doi = {10.2514/3.60381},
	Journal = {Journal of Aircraft},
	Month = {sep},
	Number = {9},
	Pages = {518--527},
	Publisher = {American Institute of Aeronautics and Astronautics ({AIAA})},
	Title = {A Quasi-Vortex-Lattice Method in Thin Wing Theory},
	Url = {https://doi.org/10.2514\%2F3.60381},
	Volume = {11},
	Year = 1974,
	Bdsk-Url-1 = {https://doi.org/10.2514%5C%2F3.60381},
	Bdsk-Url-2 = {http://dx.doi.org/10.2514/3.60381}}

@techreport{airfoilpreppy,
	Author = {S. A. Ning},
	Date-Added = {2018-10-12 00:04:44 +0000},
	Date-Modified = {2018-10-12 00:05:10 +0000},
	Doi = {10.2172/1260130},
	Month = {sep},
	Publisher = {Office of Scientific and Technical Information ({OSTI})},
	Title = {{AirfoilPrep}.py Documentation: Release 0.1.0},
	Url = {https://doi.org/10.2172\%2F1260130},
	Year = 2013,
	Bdsk-Url-1 = {https://doi.org/10.2172%5C%2F1260130},
	Bdsk-Url-2 = {http://dx.doi.org/10.2172/1260130}}

@inproceedings{Clarke:2017aa,
	Author = {Sean Clarke and Matthew Redifer and Kurt Papathakis and Aamod Samuel and Trevor Foster},
	Booktitle = {2017 {IEEE} Transportation Electrification Conference and Expo ({ITEC})},
	Date-Added = {2018-10-11 02:59:23 +0000},
	Date-Modified = {2019-04-12 14:22:23 +0000},
	Doi = {10.1109/ITEC.2017.7993303},
	Month = {Jun},
	Pages = {393-400},
	Publisher = {{IEEE}},
	Title = {X-57 power and command system design},
	Url = {https://doi.org/10.1109/ITEC.2017.7993303},
	Year = 2017,
	Bdsk-Url-1 = {https://doi.org/10.1109%5C%2Fitec.2017.7993303},
	Bdsk-Url-2 = {http://dx.doi.org/10.1109/itec.2017.7993303}}

@article{Holmes:2004aa,
	Author = {Bruce J. Holmes and Michael H. Durham and Scott E. Tarry},
	Date-Added = {2018-09-29 13:39:46 +0000},
	Date-Modified = {2018-09-29 13:39:46 +0000},
	Doi = {10.2514/1.3257},
	Journal = {Journal of Aircraft},
	Month = {jan},
	Number = {1},
	Pages = {26--35},
	Publisher = {American Institute of Aeronautics and Astronautics ({AIAA})},
	Title = {Small Aircraft Transportation System Concept and Technologies},
	Url = {https://doi.org/10.2514\%2F1.3257},
	Volume = {41},
	Year = 2004,
	Bdsk-Url-1 = {https://doi.org/10.2514%5C%2F1.3257},
	Bdsk-Url-2 = {http://dx.doi.org/10.2514/1.3257}}

@techreport{Jonkman:2009aa,
	Author = {J. Jonkman and S. Butterfield and W. Musial and G. Scott},
	Date-Added = {2018-07-26 23:25:39 +0000},
	Date-Modified = {2018-07-26 23:25:47 +0000},
	Doi = {10.2172/947422},
	Month = {Feb},
	Publisher = {Office of Scientific and Technical Information ({OSTI})},
	Title = {Definition of a 5-{MW} Reference Wind Turbine for Offshore System Development},
	Url = {https://doi.org/10.2172\%2F947422},
	Year = 2009,
	Bdsk-Url-1 = {https://doi.org/10.2172%5C%2F947422},
	Bdsk-Url-2 = {http://dx.doi.org/10.2172/947422}}

@techreport{Atmosphere:2014aa,
	Date-Added = {2018-07-26 02:15:36 +0000},
	Date-Modified = {2018-10-12 01:27:14 +0000},
	Institution = {NASA},
	Number = {NASA-TM-X-74335},
	Title = {US standard atmosphere 1976},
	Year = {1976}}

@incollection{Kassapoglou:2013aa,
	Author = {Christos Kassapoglou},
	Date-Added = {2018-07-25 16:36:27 +0000},
	Date-Modified = {2019-04-12 03:45:12 +0000},
	Doi = {10.1002/9781118536933},
	Isbn = {1118536940},
	Month = {Apr},
	Pages = {55-63},
	Publisher = {John Wiley \& Sons},
	Title = {Design and Analysis of Composite Structures: With Applications to Aerospace Structures},
	Year = {2013},
	Bdsk-Url-1 = {http://dx.doi.org/10.1002/9781118536933}}

@book{Wilson:1976aa,
	Author = {Robert E. Wilson and Peter B. S. Lissaman and Stel N. Walker},
	Date-Added = {2018-07-23 15:34:55 +0000},
	Date-Modified = {2018-07-23 15:34:55 +0000},
	Title = {Aerodynamic Performance of Wind Turbines},
	Year = {1976}}

@article{Gblat:1966aa,
	Author = {I. I. Gol{\textquotesingle}denblat and V. A. Kopnov},
	Date-Added = {2018-07-23 13:12:40 +0000},
	Date-Modified = {2018-07-26 02:37:44 +0000},
	Doi = {10.1007/bf00860685},
	Journal = {Polymer Mechanics},
	Number = {2},
	Pages = {54--59},
	Publisher = {Springer Nature},
	Title = {Strength of Glass-Reinforced Plastics in the Complex Stress State},
	Url = {https://doi.org/10.1007\%2Fbf00860685},
	Volume = {1},
	Year = 1966,
	Bdsk-Url-1 = {https://doi.org/10.1007%5C%2Fbf00860685},
	Bdsk-Url-2 = {http://dx.doi.org/10.1007/bf00860685}}

@article{tomblin:2002aa,
	Author = {Tomblin, J and Sherraden, J and Seneviratne, W and Raju, KS},
	Date-Added = {2018-07-23 13:00:17 +0000},
	Date-Modified = {2018-07-23 13:00:17 +0000},
	Journal = {National Institute for Aviation Research Wichita State University, Wichita, Kansas},
	Title = {Advanced General Aviation Transport Experiments. A--Basis and B--Basis Design Allowables for Epoxy--Based Prepreg Toray T700GC-12K-31E/\# 2510 Unidirectional Tape},
	Year = {2002}}

@article{tomblin:2002ab,
	Author = {Tomblin, J and Sherraden, J and Seneviratne, W and Raju, KS},
	Date-Added = {2018-07-23 12:58:24 +0000},
	Date-Modified = {2018-07-26 02:58:04 +0000},
	Journal = {National Institute for Aviation Research Wichita State University, Wichita, Kansas},
	Title = {Advanced General Aviation Transport Experiments. ABasis and BBasis Design Allowables for Epoxy Based Prepreg: TORAY T700SC-12K-50C/\#2510 Plain Weave Fabric},
	Year = {2002}}

@article{Blasques:2010aa,
	Author = {Jos{\'{e}} Pedro Blasques and Christian Berggreen and Poul Andersen},
	Date-Added = {2018-07-23 12:39:39 +0000},
	Date-Modified = {2018-07-26 02:32:23 +0000},
	Doi = {10.1016/j.marstruc.2009.10.002},
	Journal = {Marine Structures},
	Month = {Jan},
	Number = {1},
	Pages = {22--38},
	Publisher = {Elsevier {BV}},
	Title = {Hydro-Elastic Analysis and Optimization of a Composite Marine Propeller{\aa}},
	Url = {https://doi.org/10.1016\%2Fj.marstruc.2009.10.002},
	Volume = {23},
	Year = 2010,
	Bdsk-Url-1 = {https://doi.org/10.1016%5C%2Fj.marstruc.2009.10.002},
	Bdsk-Url-2 = {http://dx.doi.org/10.1016/j.marstruc.2009.10.002}}

@article{Fukunaga:1993aa,
	Author = {Hisao Fukunaga and Hideki Sekine},
	Date-Added = {2018-07-23 12:37:56 +0000},
	Date-Modified = {2018-07-26 02:35:40 +0000},
	Doi = {10.1177/002199839302701504},
	Journal = {Journal of Composite Materials},
	Month = {Dec},
	Number = {15},
	Pages = {1479--1492},
	Publisher = {{SAGE} Publications},
	Title = {Optimum Design of Composite Structures for Shape, Layer Angle and Layer Thickness Distributions},
	Url = {https://doi.org/10.1177\%2F002199839302701504},
	Volume = {27},
	Year = 1993,
	Bdsk-Url-1 = {https://doi.org/10.1177%5C%2F002199839302701504},
	Bdsk-Url-2 = {http://dx.doi.org/10.1177/002199839302701504}}

@misc{prop_core,
	Author = {Carlson, Charles EK and Violette, John A},
	Date-Added = {2018-07-22 03:29:36 +0000},
	Date-Modified = {2018-07-26 02:26:40 +0000},
	Howpublished = {Google Patents},
	Month = {Dec},
	Title = {Composite Blade with Partial Length Spar},
	Year = {1993}}

@incollection{Abbott:2012aa,
	Author = {Ira H. Abbott and A. E. von Doenhoff},
	Chapter = {High-Lift Devices},
	Date-Added = {2018-07-21 02:41:51 +0000},
	Date-Modified = {2018-10-12 03:17:01 +0000},
	Isbn = {0486134997},
	Month = {Apr},
	Pages = {188--247},
	Publisher = {Courier Corporation},
	Title = {Theory of Wing Sections: Including a Summary of Airfoil Data},
	Year = {2012}}

@article{KROO:1986aa,
	Author = {I. Kroo},
	Date-Added = {2018-07-20 21:14:27 +0000},
	Date-Modified = {2018-10-10 23:28:36 +0000},
	Doi = {10.2514/3.45344},
	Journal = {Journal of Aircraft},
	Month = {Jul},
	Number = {7},
	Pages = {561--565},
	Publisher = {American Institute of Aeronautics and Astronautics ({AIAA})},
	Title = {Propeller-Wing Integration for Minimum Induced Loss},
	Url = {https://doi.org/10.2514\%2F3.45344},
	Volume = {23},
	Year = 1986,
	Bdsk-Url-1 = {https://doi.org/10.2514%5C%2F3.45344},
	Bdsk-Url-2 = {http://dx.doi.org/10.2514/3.45344}}

@techreport{reaction_time,
	Author = {TSTA},
	Date-Added = {2018-07-20 21:08:17 +0000},
	Date-Modified = {2018-07-26 03:01:54 +0000},
	Title = {Pilot Guide to Takeoff Safety},
	Year = {2016}}

@book{Nocedal:2006aa,
	Author = {Jorge Nocedal and Stephen Wright},
	Date-Added = {2018-07-20 16:58:47 +0000},
	Date-Modified = {2018-07-20 16:58:47 +0000},
	Isbn = {0387400656},
	Month = {Dec},
	Publisher = {Springer Science \& Business Media},
	Title = {Numerical Optimization},
	Year = {2006}}

@book{Drela:2014aa,
	Author = {Mark Drela},
	Date-Added = {2018-07-20 14:42:53 +0000},
	Date-Modified = {2018-07-20 14:42:53 +0000},
	Isbn = {0262319934},
	Month = {Feb},
	Publisher = {MIT Press},
	Title = {Flight Vehicle Aerodynamics},
	Year = {2014}}

@article{Rios:2012aa,
	Author = {Luis Miguel Rios and Nikolaos V. Sahinidis},
	Date-Added = {2018-07-20 04:49:00 +0000},
	Date-Modified = {2018-07-20 04:49:00 +0000},
	Doi = {10.1007/s10898-012-9951-y},
	Journal = {Journal of Global Optimization},
	Month = {jul},
	Number = {3},
	Pages = {1247--1293},
	Publisher = {Springer Nature},
	Title = {Derivative-free optimization: a review of algorithms and comparison of software implementations},
	Url = {https://doi.org/10.1007\%2Fs10898-012-9951-y},
	Volume = {56},
	Year = 2012,
	Bdsk-Url-1 = {https://doi.org/10.1007%5C%2Fs10898-012-9951-y},
	Bdsk-Url-2 = {http://dx.doi.org/10.1007/s10898-012-9951-y}}

@article{Ning:2016aa,
	Author = {Andrew Ning and Derek Petch},
	Date-Added = {2018-07-20 04:42:29 +0000},
	Date-Modified = {2018-07-26 02:33:17 +0000},
	Doi = {10.1002/we.1972},
	Journal = {Wind Energy},
	Month = {Feb},
	Number = {12},
	Pages = {2137--2152},
	Publisher = {Wiley},
	Title = {Integrated Design of Downwind Land-Based Wind Turbines Using Analytic Gradients},
	Url = {https://doi.org/10.1002\%2Fwe.1972},
	Volume = {19},
	Year = 2016,
	Bdsk-Url-1 = {https://doi.org/10.1002%5C%2Fwe.1972},
	Bdsk-Url-2 = {http://dx.doi.org/10.1002/we.1972}}

@article{TrimDrag,
	Author = {Cedric Vernon},
	Date-Added = {2018-07-19 18:55:22 +0000},
	Date-Modified = {2018-07-19 18:55:22 +0000},
	Journal = {Technical Soaring},
	Number = {1},
	Pages = {17-25},
	Title = {Trim Drag},
	Volume = {16},
	Year = {1992}}

@techreport{Viterna:1982aa,
	Author = {L A Viterna and D C Janetzke},
	Date-Added = {2018-07-19 15:46:19 +0000},
	Date-Modified = {2018-07-26 02:41:14 +0000},
	Doi = {10.2172/6763041},
	Month = {Sep},
	Publisher = {Office of Scientific and Technical Information ({OSTI})},
	Title = {Theoretical and Experimental Power from Large Horizontal-Axis Wind Turbines},
	Url = {https://doi.org/10.2172\%2F6763041},
	Year = 1982,
	Bdsk-Url-1 = {https://doi.org/10.2172%5C%2F6763041},
	Bdsk-Url-2 = {http://dx.doi.org/10.2172/6763041}}

@inproceedings{Eggers:2003aa,
	Author = {A. J. Eggers and K. Chaney and R. Digumarthi},
	Booktitle = {{ASME} 2003 Wind Energy Symposium},
	Date-Added = {2018-07-19 15:43:57 +0000},
	Date-Modified = {2019-04-12 04:03:06 +0000},
	Doi = {10.2514/6.2003-868},
	Publisher = {{ASME}},
	Title = {An Assessment of Approximate Modeling of Aerodynamic Loads on the {UAE} Rotor},
	Url = {https://doi.org/10.2514/6.2003-868},
	Year = 2003,
	Bdsk-Url-1 = {https://doi.org/10.1115%5C%2Fwind2003-868},
	Bdsk-Url-2 = {http://dx.doi.org/10.1115/wind2003-868}}

@inproceedings{Du:1998aa,
	Author = {Zhaohui Du and Michael Selig},
	Booktitle = {1998 {ASME} Wind Energy Symposium},
	Date-Added = {2018-07-19 15:13:33 +0000},
	Date-Modified = {2018-07-26 02:16:38 +0000},
	Doi = {10.2514/6.1998-21},
	Month = {Jan},
	Publisher = {American Institute of Aeronautics and Astronautics},
	Title = {A 3-D Stall-Delay Model for Horizontal Axis Wind Turbine Performance Prediction},
	Url = {https://doi.org/10.2514\%2F6.1998-21},
	Year = 1998,
	Bdsk-Url-1 = {https://doi.org/10.2514%5C%2F6.1998-21},
	Bdsk-Url-2 = {http://dx.doi.org/10.2514/6.1998-21}}

@inproceedings{Alvarez:2018aa,
	Author = {Eduardo J. Alvarez and Andrew Ning},
	Booktitle = {2018 Applied Aerodynamics Conference},
	Date-Added = {2018-07-11 18:38:22 +0000},
	Date-Modified = {2018-07-11 18:38:22 +0000},
	Doi = {10.2514/6.2018-3646},
	Month = {jun},
	Publisher = {American Institute of Aeronautics and Astronautics},
	Title = {Development of a Vortex Particle Code for the Modeling of Wake Interaction in Distributed Propulsion},
	Url = {https://doi.org/10.2514\%2F6.2018-3646},
	Year = 2018,
	Bdsk-Url-1 = {https://doi.org/10.2514%5C%2F6.2018-3646},
	Bdsk-Url-2 = {http://dx.doi.org/10.2514/6.2018-3646}}

@inproceedings{Hwang:2018aa,
	Author = {John T. Hwang and Andrew Ning},
	Booktitle = {2018 {AIAA}/{ASCE}/{AHS}/{ASC} Structures, Structural Dynamics, and Materials Conference},
	Date-Added = {2018-07-11 17:12:46 +0000},
	Date-Modified = {2018-07-26 02:34:22 +0000},
	Doi = {10.2514/6.2018-1384},
	Month = {Jan},
	Publisher = {American Institute of Aeronautics and Astronautics},
	Title = {Large-scale Multidisciplinary Optimization of an Electric Aircraft for On-Demand Mobility},
	Url = {https://doi.org/10.2514\%2F6.2018-1384},
	Year = 2018,
	Bdsk-Url-1 = {https://doi.org/10.2514%5C%2F6.2018-1384},
	Bdsk-Url-2 = {http://dx.doi.org/10.2514/6.2018-1384}}

@incollection{Mair:aa,
	Author = {W. Austyn Mair and David L. Birdsall},
	Booktitle = {Aircraft Performance},
	Date-Added = {2018-07-09 22:21:44 +0000},
	Date-Modified = {2018-07-26 02:38:29 +0000},
	Doi = {10.1017/cbo9780511607134.008},
	Pages = {119--161},
	Publisher = {Cambridge University Press},
	Title = {Take-off and Landing Performance},
	Url = {https://doi.org/10.1017\%2Fcbo9780511607134.008},
	Year = {1992},
	Bdsk-Url-1 = {https://doi.org/10.1017%5C%2Fcbo9780511607134.008},
	Bdsk-Url-2 = {http://dx.doi.org/10.1017/cbo9780511607134.008}}

@inbook{Hunsaker:2006aa,
	Annote = {doi:10.2514/6.2006-3466},
	Author = {Hunsaker, Douglas and Snyder, Deryl},
	Booktitle = {24th AIAA Applied Aerodynamics Conference},
	Date-Added = {2018-07-09 22:17:59 +0000},
	Date-Modified = {2018-07-09 22:23:20 +0000},
	Doi = {10.2514/6.2006-3466},
	M1 = {0},
	M3 = {10.2514/6.2006-3466},
	Month = {2017/12/14},
	Publisher = {American Institute of Aeronautics and Astronautics},
	Title = {A Lifting-Line Approach to Estimating Propeller/Wing Interactions},
	Title1 = {Fluid Dynamics and Co-located Conferences},
	Ty = {CHAP},
	Url = {https://doi.org/10.2514/6.2006-3466},
	Year = {2006},
	Year1 = {2006/06/05},
	Bdsk-Url-1 = {https://doi.org/10.2514/6.2006-3466},
	Bdsk-Url-2 = {http://dx.doi.org/10.2514/6.2006-3466}}

@conference{Alba:2017aa,
	Annote = {doi:10.2514/6.2017-4329},
	Author = {Alba, Christian and Elham, Ali and German, Brian and Veldhuis, Leo L.},
	Booktitle = {18th AIAA/ISSMO Multidisciplinary Analysis and Optimization Conference},
	Date-Added = {2018-07-09 22:17:24 +0000},
	Date-Modified = {2018-07-26 02:20:39 +0000},
	Doi = {10.2514/6.2017-4329},
	M1 = {0},
	Month = {2017/12/14},
	Publisher = {American Institute of Aeronautics and Astronautics},
	Title = {A Surrogate-Based Multi-Disciplinary Design Optimization Framework Exploiting Wing-Propeller Interaction},
	Title1 = {AIAA AVIATION Forum},
	Ty = {CHAP},
	Url = {https://doi.org/10.2514/6.2017-4329},
	Year = {2017},
	Year1 = {2017/06/02},
	Bdsk-Url-1 = {https://doi.org/10.2514/6.2017-4329},
	Bdsk-Url-2 = {http://dx.doi.org/10.2514/6.2017-4329}}

@techreport{pbeam,
	Author = {S. A. Ning},
	Date-Added = {2018-07-09 22:14:10 +0000},
	Date-Modified = {2018-07-09 22:14:10 +0000},
	Doi = {10.2172/1260133},
	Month = {Sep},
	Publisher = {Office of Scientific and Technical Information ({OSTI})},
	Title = {{pBEAM} Documentation: Release 0.1.0},
	Url = {https://doi.org/10.2172\%2F1260133},
	Year = 2013,
	Bdsk-Url-1 = {https://doi.org/10.2172%5C%2F1260133},
	Bdsk-Url-2 = {http://dx.doi.org/10.2172/1260133}}

@article{ccblade,
	Author = {Andrew Ning},
	Date-Added = {2018-07-09 22:07:46 +0000},
	Date-Modified = {2018-07-26 02:19:54 +0000},
	Doi = {10.1002/we.1636},
	Journal = {Wind Energy},
	Month = {Sep},
	Number = {9},
	Pages = {1327--1345},
	Publisher = {Wiley},
	Title = {A Simple Solution Method for the Blade Element Momentum Equations with Guaranteed Convergence},
	Url = {https://doi.org/10.1002\%2Fwe.1636},
	Volume = {17},
	Year = 2014,
	Bdsk-Url-1 = {https://doi.org/10.1002%5C%2Fwe.1636},
	Bdsk-Url-2 = {http://dx.doi.org/10.1002/we.1636}}

@inproceedings{Deere:2017aa,
	Author = {Karen A. Deere and Jeffrey K. Viken and Sally Viken and Melissa B. Carter and Michael Wiese and Norma Farr},
	Booktitle = {35th {AIAA} Applied Aerodynamics Conference},
	Date-Added = {2018-07-05 13:50:09 +0000},
	Date-Modified = {2018-07-26 02:27:00 +0000},
	Doi = {10.2514/6.2017-3923},
	Month = {Jun},
	Publisher = {American Institute of Aeronautics and Astronautics},
	Title = {Computational Analysis of a Wing Designed for the X-57 Distributed Electric Propulsion Aircraft},
	Url = {https://doi.org/10.2514\%2F6.2017-3923},
	Year = 2017,
	Bdsk-Url-1 = {https://doi.org/10.2514%5C%2F6.2017-3923},
	Bdsk-Url-2 = {http://dx.doi.org/10.2514/6.2017-3923}}

@inproceedings{Dubois:2016aa,
	Author = {Arthur Dubois and Martin van der Geest and JoeBen Bevirt and Robert Christie and Nicholas K. Borer and Sean C. Clarke},
	Booktitle = {16th {AIAA} Aviation Technology, Integration, and Operations Conference},
	Date-Added = {2018-07-05 13:50:09 +0000},
	Date-Modified = {2018-07-05 13:50:09 +0000},
	Doi = {10.2514/6.2016-3925},
	Month = {jun},
	Publisher = {American Institute of Aeronautics and Astronautics},
	Title = {Design of an Electric Propulsion System for {SCEPTOR}'s Outboard Nacelle},
	Url = {https://doi.org/10.2514\%2F6.2016-3925},
	Year = 2016,
	Bdsk-Url-1 = {https://doi.org/10.2514%5C%2F6.2016-3925},
	Bdsk-Url-2 = {http://dx.doi.org/10.2514/6.2016-3925}}

@conference{Moore2014,
	Author = {Mark D. Moore and Bill Fredericks},
	Date-Added = {2018-07-05 13:50:09 +0000},
	Date-Modified = {2018-07-05 13:50:09 +0000},
	Journal = {American Institute of Aeronautics and Astronautics (AIAA)},
	Keywords = {Multi Rotor Tradeoffs Misconceptions},
	Month = {Jan},
	Number = {2014-0535},
	Rating = {0},
	Read = {0},
	Series = {52nd Aerospace Sciences Meeting},
	Title = {Misconceptions of Electric Propulsion Aircraft and their Emergent Aviation Markets},
	Year = {2014},
	Bdsk-File-1 = {YnBsaXN0MDDUAQIDBAUGJCVYJHZlcnNpb25YJG9iamVjdHNZJGFyY2hpdmVyVCR0b3ASAAGGoKgHCBMUFRYaIVUkbnVsbNMJCgsMDxJXTlMua2V5c1pOUy5vYmplY3RzViRjbGFzc6INDoACgAOiEBGABIAFgAdccmVsYXRpdmVQYXRoWWFsaWFzRGF0YV8QRC4uLy4uLy4uL3BhcGVycy9Qcm9wL011bHRpL0VsZWN0cmljRGlzdHJpYnV0ZWRQcm9wdWxzaW9uQmVuZWZpdHMucGRm0hcLGBlXTlMuZGF0YU8RAhAAAAAAAhAAAgAADE1hY2ludG9zaCBIRAAAAAAAAAAAAAAAAAAAANQvNOlIKwAAABWa7R9FbGVjdHJpY0Rpc3RyaWJ1dGVkUCMxNTlBRjgucGRmAAAAAAAAAAAAAAAAAAAAAAAAAAAAAAAAAAAAAAAAAAAAFZr41JUbsQAAAAAAAAAAAAMABAAACSAAAAAAAAAAAAAAAAAAAAAFTXVsdGkAABAACAAA1C+XWQAAABEACAAA1JV+IQAAAAEAGAAVmu0AFZrEABWRowAVVdoAEl/7ABJf+QACAFtNYWNpbnRvc2ggSEQ6VXNlcnM6AGttb29yZToARG9jdW1lbnRzOgBwYXBlcnM6AFByb3A6AE11bHRpOgBFbGVjdHJpY0Rpc3RyaWJ1dGVkUCMxNTlBRjgucGRmAAAOAFQAKQBFAGwAZQBjAHQAcgBpAGMARABpAHMAdAByAGkAYgB1AHQAZQBkAFAAcgBvAHAAdQBsAHMAaQBvAG4AQgBlAG4AZQBmAGkAdABzAC4AcABkAGYADwAaAAwATQBhAGMAaQBuAHQAbwBzAGgAIABIAEQAEgBSVXNlcnMva21vb3JlL0RvY3VtZW50cy9wYXBlcnMvUHJvcC9NdWx0aS9FbGVjdHJpY0Rpc3RyaWJ1dGVkUHJvcHVsc2lvbkJlbmVmaXRzLnBkZgATAAEvAAAVAAIADf//AACABtIbHB0eWiRjbGFzc25hbWVYJGNsYXNzZXNdTlNNdXRhYmxlRGF0YaMdHyBWTlNEYXRhWE5TT2JqZWN00hscIiNcTlNEaWN0aW9uYXJ5oiIgXxAPTlNLZXllZEFyY2hpdmVy0SYnVHJvb3SAAQAIABEAGgAjAC0AMgA3AEAARgBNAFUAYABnAGoAbABuAHEAcwB1AHcAhACOANUA2gDiAvYC+AL9AwgDEQMfAyMDKgMzAzgDRQNIA1oDXQNiAAAAAAAAAgEAAAAAAAAAKAAAAAAAAAAAAAAAAAAAA2Q=}}

@inproceedings{Borer:2016aa,
	Author = {Nicholas K. Borer and Michael D. Patterson and Jeffrey K. Viken and Mark D. Moore and JoeBen Bevirt and Alex M. Stoll and Andrew R. Gibson},
	Booktitle = {16th {AIAA} Aviation Technology, Integration, and Operations Conference},
	Date-Added = {2018-07-04 21:31:22 +0000},
	Date-Modified = {2018-07-04 21:31:22 +0000},
	Doi = {10.2514/6.2016-3920},
	Month = {jun},
	Publisher = {American Institute of Aeronautics and Astronautics},
	Title = {Design and Performance of the {NASA} {SCEPTOR} Distributed Electric Propulsion Flight Demonstrator},
	Url = {https://doi.org/10.2514\%2F6.2016-3920},
	Year = 2016,
	Bdsk-Url-1 = {https://doi.org/10.2514%5C%2F6.2016-3920},
	Bdsk-Url-2 = {http://dx.doi.org/10.2514/6.2016-3920}}

@inproceedings{Papathakis:2018aa,
	Author = {Kurt V. Papathakis and Otto C. Schnarr and Thomas M. Lavelle and Nicholas K. Borer and Tina Stoia and Shailesh Atreya},
	Booktitle = {2018 Aviation Technology, Integration, and Operations Conference},
	Date-Added = {2018-07-04 21:17:59 +0000},
	Date-Modified = {2019-04-12 14:15:29 +0000},
	Doi = {10.2514/6.2018-3359},
	Month = {Jun},
	Publisher = {American Institute of Aeronautics and Astronautics},
	Title = {Integration Concept for a Hybrid-Electric Solid-Oxide Fuel Cell Power System into the X-57 {\textquotedblleft}Maxwell{\textquotedblright}},
	Url = {https://doi.org/10.2514/6.2018-3359},
	Year = 2018,
	Bdsk-Url-1 = {https://doi.org/10.2514%5C%2F6.2018-3359},
	Bdsk-Url-2 = {http://dx.doi.org/10.2514/6.2018-3359}}

@inproceedings{Mikhaylik:2010aa,
	Author = {Yuriy V. Mikhaylik and Igor Kovalev and Riley Schock and Karthikeyan Kumaresan and Jason Xu and John Affinito},
	Date-Added = {2018-07-04 20:25:47 +0000},
	Date-Modified = {2018-07-04 20:25:47 +0000},
	Doi = {10.1149/1.3414001},
	Publisher = {{ECS}},
	Title = {High Energy Rechargeable Li-S Cells for {EV} Application: Status, Remaining Problems and Solutions},
	Url = {https://doi.org/10.1149\%2F1.3414001},
	Year = 2010,
	Bdsk-Url-1 = {https://doi.org/10.1149%5C%2F1.3414001},
	Bdsk-Url-2 = {http://dx.doi.org/10.1149/1.3414001}}

@inbook{Anderson:2015aa,
	Author = {John Anderson},
	Date-Added = {2018-07-04 19:26:43 +0000},
	Date-Modified = {2019-04-12 03:15:00 +0000},
	Isbn = {1259191672},
	Month = {Feb},
	Pages = {447-455,469--474},
	Publisher = {McGraw-Hill Higher Education},
	Title = {Introduction to Flight},
	Year = {2015}}

@incollection{Anderson:aa,
	Author = {Anderson},
	Date-Added = {2018-07-04 19:24:46 +0000},
	Date-Modified = {2019-04-12 03:03:36 +0000},
	Doi = {10.1036/0070019711},
	Isbn = {0070702454},
	Pages = {265--267},
	Publisher = {Tata McGraw-Hill Education},
	Title = {Aircraft Performance \& Design},
	Year = {1999},
	Bdsk-Url-1 = {http://dx.doi.org/10.1036/0070019711}}

@inproceedings{Antcliff:2016aa,
	Author = {Kevin R. Antcliff and Mark D. Moore and Kenneth H. Goodrich},
	Booktitle = {16th {AIAA} Aviation Technology, Integration, and Operations Conference},
	Date-Added = {2018-07-04 02:18:24 +0000},
	Date-Modified = {2018-07-26 02:37:07 +0000},
	Doi = {10.2514/6.2016-3466},
	Month = {Jun},
	Publisher = {American Institute of Aeronautics and Astronautics},
	Title = {Silicon Valley as an Early Adopter for On-Demand Civil {VTOL} Operations},
	Url = {https://doi.org/10.2514\%2F6.2016-3466},
	Year = 2016,
	Bdsk-Url-1 = {https://doi.org/10.2514%5C%2F6.2016-3466},
	Bdsk-Url-2 = {http://dx.doi.org/10.2514/6.2016-3466}}

@inproceedings{Holmes:2016aa,
	Author = {Bruce J. Holmes},
	Booktitle = {16th {AIAA} Aviation Technology, Integration, and Operations Conference},
	Date-Added = {2018-07-03 23:57:56 +0000},
	Date-Modified = {2018-07-26 02:20:57 +0000},
	Doi = {10.2514/6.2016-3465},
	Month = {Jun},
	Publisher = {American Institute of Aeronautics and Astronautics},
	Title = {A Vision and Opportunity for Transformation of On-Demand Air Mobility},
	Url = {https://doi.org/10.2514\%2F6.2016-3465},
	Year = 2016,
	Bdsk-Url-1 = {https://doi.org/10.2514%5C%2F6.2016-3465},
	Bdsk-Url-2 = {http://dx.doi.org/10.2514/6.2016-3465}}

@inproceedings{Moore:2006aa,
	Author = {Mark D. Moore},
	Booktitle = {{SAE} Technical Paper Series},
	Date-Added = {2018-07-03 23:19:29 +0000},
	Date-Modified = {2018-10-11 02:54:18 +0000},
	Doi = {10.4271/2006-01-2429},
	Month = {Aug},
	Pages = {713-722},
	Publisher = {{SAE} Transactions},
	Title = {The Third Wave of Aeronautics: On-Demand Mobility},
	Url = {https://doi.org/10.4271\%2F2006-01-2429},
	Year = August # 2006,
	Bdsk-Url-1 = {https://doi.org/10.4271%5C%2F2006-01-2429},
	Bdsk-Url-2 = {http://dx.doi.org/10.4271/2006-01-2429}}

@inproceedings{Falck:2017aa,
	Author = {Robert D. Falck and Jeffrey Chin and Sydney L. Schnulo and Jonathan M. Burt and Justin S. Gray},
	Booktitle = {18th {AIAA}/{ISSMO} Multidisciplinary Analysis and Optimization Conference},
	Date-Added = {2018-07-03 22:28:08 +0000},
	Date-Modified = {2018-07-26 02:42:05 +0000},
	Doi = {10.2514/6.2017-4002},
	Month = {Jun},
	Publisher = {American Institute of Aeronautics and Astronautics},
	Title = {Trajectory Optimization of Electric Aircraft Subject to Subsystem Thermal Constraints},
	Url = {https://doi.org/10.2514\%2F6.2017-4002},
	Year = 2017,
	Bdsk-Url-1 = {https://doi.org/10.2514%5C%2F6.2017-4002},
	Bdsk-Url-2 = {http://dx.doi.org/10.2514/6.2017-4002}}

@inproceedings{Borer:2017aa,
	Author = {Nicholas K. Borer and Joseph M. Derlaga and Karen A. Deere and Melissa B. Carter and Sally Viken and Michael D. Patterson and Brandon Litherland and Alex Stoll},
	Booktitle = {55th {AIAA} Aerospace Sciences Meeting},
	Date-Added = {2018-07-03 22:26:59 +0000},
	Date-Modified = {2018-07-26 02:26:27 +0000},
	Doi = {10.2514/6.2017-0209},
	Month = {Jan},
	Publisher = {American Institute of Aeronautics and Astronautics},
	Title = {Comparison of Aero-Propulsive Performance Predictions for Distributed Propulsion Configurations},
	Url = {https://doi.org/10.2514\%2F6.2017-0209},
	Year = 2017,
	Bdsk-Url-1 = {https://doi.org/10.2514%5C%2F6.2017-0209},
	Bdsk-Url-2 = {http://dx.doi.org/10.2514/6.2017-0209}}

@inproceedings{Patterson:2014ab,
	Author = {Michael D. Patterson and Brian German},
	Booktitle = {52nd Aerospace Sciences Meeting},
	Date-Added = {2018-07-03 22:24:38 +0000},
	Date-Modified = {2018-07-26 02:27:35 +0000},
	Doi = {10.2514/6.2014-0534},
	Month = {Jan},
	Publisher = {American Institute of Aeronautics and Astronautics},
	Title = {Conceptual Design of Electric Aircraft with Distributed Propellers: Multidisciplinary Analysis Needs and Aerodynamic Modeling Development},
	Url = {https://doi.org/10.2514\%2F6.2014-0534},
	Year = 2014,
	Bdsk-Url-1 = {https://doi.org/10.2514%5C%2F6.2014-0534},
	Bdsk-Url-2 = {http://dx.doi.org/10.2514/6.2014-0534}}

@inproceedings{Patterson:2014aa,
	Author = {Michael D. Patterson and Brian German},
	Booktitle = {52nd Aerospace Sciences Meeting},
	Date-Added = {2018-07-03 22:21:40 +0000},
	Date-Modified = {2018-07-26 02:27:23 +0000},
	Doi = {10.2514/6.2014-0534},
	Month = {Jan},
	Publisher = {American Institute of Aeronautics and Astronautics},
	Title = {Conceptual Design of Electric Aircraft with Distributed Propellers: Multidisciplinary Analysis Needs and Aerodynamic Modeling Development},
	Url = {https://doi.org/10.2514\%2F6.2014-0534},
	Year = 2014,
	Bdsk-Url-1 = {https://doi.org/10.2514%5C%2F6.2014-0534},
	Bdsk-Url-2 = {http://dx.doi.org/10.2514/6.2014-0534}}

@inproceedings{Harish:2016aa,
	Author = {Anusha Harish and Christian Perron and Daniel Bavaro and Jai Ahuja and Melek Ozcan and Cedric Y. Justin and Simon I. Briceno and Brian J. German and Dimitri Mavris},
	Booktitle = {16th {AIAA} Aviation Technology, Integration, and Operations Conference},
	Date-Added = {2018-07-03 22:18:41 +0000},
	Date-Modified = {2018-07-26 02:31:01 +0000},
	Doi = {10.2514/6.2016-3767},
	Month = {Jun},
	Publisher = {American Institute of Aeronautics and Astronautics},
	Title = {Economics of Advanced Thin-Haul Concepts and Operations},
	Url = {https://doi.org/10.2514\%2F6.2016-3767},
	Year = 2016,
	Bdsk-Url-1 = {https://doi.org/10.2514%5C%2F6.2016-3767},
	Bdsk-Url-2 = {http://dx.doi.org/10.2514/6.2016-3767}}

@inproceedings{Flittie:1998aa,
	Author = {Kirk Flittie and Bob Curtin},
	Booktitle = {23rd Atmospheric Flight Mechanics Conference},
	Date-Added = {2018-07-03 21:25:45 +0000},
	Date-Modified = {2018-07-26 02:35:53 +0000},
	Doi = {10.2514/6.1998-4446},
	Month = {Aug},
	Publisher = {AIAA},
	Title = {Pathfinder solar-powered aircraft flight performance},
	Url = {https://doi.org/10.2514\%2F6.1998-4446},
	Year = 1998,
	Bdsk-Url-1 = {https://doi.org/10.2514%5C%2F6.1998-4446},
	Bdsk-Url-2 = {http://dx.doi.org/10.2514/6.1998-4446}}

@article{Gohardani:2011aa,
	Author = {Amir S. Gohardani and Georgios Doulgeris and Riti Singh},
	Date-Added = {2018-07-03 21:21:27 +0000},
	Date-Modified = {2018-07-26 02:26:06 +0000},
	Doi = {10.1016/j.paerosci.2010.09.001},
	Journal = {Progress in Aerospace Sciences},
	Month = {Jul},
	Number = {5},
	Pages = {369--391},
	Publisher = {Elsevier {BV}},
	Title = {Challenges of Future Aircraft Propulsion: A Review of Distributed Propulsion Technology and its Potential Application for the All Electric Commercial Aircraft},
	Url = {https://doi.org/10.1016\%2Fj.paerosci.2010.09.001},
	Volume = {47},
	Year = 2011,
	Bdsk-Url-1 = {https://doi.org/10.1016%5C%2Fj.paerosci.2010.09.001},
	Bdsk-Url-2 = {http://dx.doi.org/10.1016/j.paerosci.2010.09.001}}

@inproceedings{Moore:2014aa,
	Author = {Mark D. Moore},
	Booktitle = {52nd Aerospace Sciences Meeting},
	Date-Added = {2018-07-03 21:19:07 +0000},
	Date-Modified = {2018-07-26 02:34:48 +0000},
	Doi = {10.2514/6.2014-0535},
	Month = {Jan},
	Publisher = {American Institute of Aeronautics and Astronautics},
	Title = {Misconceptions of Electric Aircraft and their Emerging Aviation Markets},
	Url = {https://doi.org/10.2514\%2F6.2014-0535},
	Year = 2014,
	Bdsk-Url-1 = {https://doi.org/10.2514%5C%2F6.2014-0535},
	Bdsk-Url-2 = {http://dx.doi.org/10.2514/6.2014-0535}}

@inproceedings{Stoll:2014aa,
	Author = {Alex M. Stoll and JoeBen Bevirt and Mark D. Moore and William J. Fredericks and Nicholas K. Borer},
	Booktitle = {14th {AIAA} Aviation Technology, Integration, and Operations Conference},
	Date-Added = {2018-07-03 21:16:37 +0000},
	Date-Modified = {2018-07-09 22:15:18 +0000},
	Doi = {10.2514/6.2014-2851},
	Month = {Jun},
	Publisher = {AIAA},
	Title = {Drag Reduction Through Distributed Electric Propulsion},
	Url = {https://doi.org/10.2514\%2F6.2014-2851},
	Year = 2014,
	Bdsk-Url-1 = {https://doi.org/10.2514%5C%2F6.2014-2851},
	Bdsk-Url-2 = {http://dx.doi.org/10.2514/6.2014-2851}}

@inproceedings{Moore:2018aa,
	Author = {Kevin R. Moore and Andrew Ning},
	Booktitle = {2018 {AIAA}/{ASCE}/{AHS}/{ASC} Structures, Structural Dynamics, and Materials Conference},
	Date-Added = {2018-07-03 19:24:42 +0000},
	Date-Modified = {2018-07-26 02:30:05 +0000},
	Doi = {10.2514/6.2018-1652},
	Month = {Jan},
	Publisher = {American Institute of Aeronautics and Astronautics},
	Title = {Distributed Electric Propulsion Effects on Existing Aircraft Through Multidisciplinary Optimization},
	Url = {https://doi.org/10.2514\%2F6.2018-1652},
	Year = 2018,
	Bdsk-Url-1 = {https://doi.org/10.2514%5C%2F6.2018-1652.c1},
	Bdsk-Url-2 = {http://dx.doi.org/10.2514/6.2018-1652.c1}}

@inproceedings{Patterson:2017aa,
	Author = {Michael D. Patterson and Nicholas K. Borer},
	Booktitle = {17th {AIAA} Aviation Technology, Integration, and Operations Conference},
	Date-Added = {2018-07-02 19:33:17 +0000},
	Date-Modified = {2018-07-26 02:25:13 +0000},
	Doi = {10.2514/6.2017-3782},
	Month = {Jun},
	Publisher = {American Institute of Aeronautics and Astronautics},
	Title = {Approach Considerations in Aircraft with High-Lift Propeller Systems},
	Url = {https://doi.org/10.2514\%2F6.2017-3782},
	Year = 2017,
	Bdsk-Url-1 = {https://doi.org/10.2514%5C%2F6.2017-3782},
	Bdsk-Url-2 = {http://dx.doi.org/10.2514/6.2017-3782}}

@article{Tsai:1971aa,
	Author = {Stephen W. Tsai and Edward M. Wu},
	Date-Added = {2018-07-02 19:33:17 +0000},
	Date-Modified = {2018-07-26 02:16:51 +0000},
	Doi = {10.1177/002199837100500106},
	Journal = {Journal of Composite Materials},
	Month = {Jan},
	Number = {1},
	Pages = {58--80},
	Publisher = {{SAGE} Publications},
	Title = {A General Theory of Strength for Anisotropic Materials},
	Url = {https://doi.org/10.1177\%2F002199837100500106},
	Volume = {5},
	Year = 1971,
	Bdsk-Url-1 = {https://doi.org/10.1177%5C%2F002199837100500106},
	Bdsk-Url-2 = {http://dx.doi.org/10.1177/002199837100500106}}

@article{Hoburg:2014aa,
	Author = {Warren Hoburg and Pieter Abbeel},
	Date-Added = {2018-06-28 20:56:25 +0000},
	Date-Modified = {2018-07-26 02:31:33 +0000},
	Doi = {10.2514/1.j052732},
	Journal = {{AIAA} Journal},
	Month = {Nov},
	Number = {11},
	Pages = {2414--2426},
	Publisher = {American Institute of Aeronautics and Astronautics ({AIAA})},
	Title = {Geometric Programming for Aircraft Design Optimization},
	Url = {https://doi.org/10.2514\%2F1.j052732},
	Volume = {52},
	Year = 2014,
	Bdsk-Url-1 = {https://doi.org/10.2514%5C%2F1.j052732},
	Bdsk-Url-2 = {http://dx.doi.org/10.2514/1.j052732}}

@inproceedings{Burton:2018aa,
	Author = {Michael J. Burton and Mark Drela and Christopher Courtin and Dorian Colas and Vishvas S. Suryakumar and Nicholas H. Roberts},
	Booktitle = {2018 Multidisciplinary Analysis and Optimization Conference},
	Date-Added = {2018-06-28 20:54:32 +0000},
	Date-Modified = {2018-07-26 02:37:20 +0000},
	Doi = {10.2514/6.2018-3740},
	Month = {Jun},
	Publisher = {American Institute of Aeronautics and Astronautics},
	Title = {Solar Aircraft Design Trade Studies Using Geometric Programming},
	Url = {https://doi.org/10.2514\%2F6.2018-3740},
	Year = 2018,
	Bdsk-Url-1 = {https://doi.org/10.2514%5C%2F6.2018-3740},
	Bdsk-Url-2 = {http://dx.doi.org/10.2514/6.2018-3740}}

@inproceedings{Courtin:2018aa,
	Author = {Christopher Courtin and Michael J. Burton and Alison Yu and Patrick Butler and Parker D. Vascik and R John Hansman},
	Booktitle = {2018 Aviation Technology, Integration, and Operations Conference},
	Date-Added = {2018-06-28 20:39:00 +0000},
	Date-Modified = {2018-07-26 02:31:08 +0000},
	Doi = {10.2514/6.2018-4151},
	Month = {Jun},
	Publisher = {American Institute of Aeronautics and Astronautics},
	Title = {Feasibility Study of Short Takeoff and Landing Urban Air Mobility Vehicles using Geometric Programming},
	Url = {https://doi.org/10.2514\%2F6.2018-4151},
	Year = 2018,
	Bdsk-Url-1 = {https://doi.org/10.2514%5C%2F6.2018-4151},
	Bdsk-Url-2 = {http://dx.doi.org/10.2514/6.2018-4151}}

@inproceedings{Colas:2018aa,
	Author = {Dorian Colas and Nicholas H. Roberts and Vishvas S. Suryakumar},
	Booktitle = {2018 Aviation Technology, Integration, and Operations Conference},
	Date-Added = {2018-06-28 20:15:30 +0000},
	Date-Modified = {2018-07-26 02:48:11 +0000},
	Doi = {10.2514/6.2018-3028},
	Month = {Jun},
	Publisher = {American Institute of Aeronautics and Astronautics},
	Title = {{HALE} Multidisciplinary Design Optimization Part {I}: Solar-Powered Single and Multiple-Boom Aircraft},
	Url = {https://doi.org/10.2514\%2F6.2018-3028},
	Year = 2018,
	Bdsk-Url-1 = {https://doi.org/10.2514%5C%2F6.2018-3028},
	Bdsk-Url-2 = {http://dx.doi.org/10.2514/6.2018-3028}}

@conference{aerosonde,
	Author = {G. Platanitis and S. Shkarayev},
	Booktitle = {Infotech@Aerospace},
	Date-Added = {2018-06-27 23:13:48 +0000},
	Date-Modified = {2018-07-26 02:33:32 +0000},
	Month = {Sept},
	Number = {2005-7066},
	Organization = {AIAA},
	Title = {Integration of an autopilot for a micro air vehicle},
	Year = {2005}}

@book{beard,
	Author = {Randal W. Beard and Timothy W. McLain},
	Date-Added = {2018-06-27 23:13:44 +0000},
	Date-Modified = {2018-06-27 23:13:44 +0000},
	Edition = {2},
	Publisher = {Princeton University Press},
	Title = {Small Unmanned Aircraft: Theory and Practice},
	Year = {2012}}

@techreport{Resor:2013aa,
	Author = {Brian Resor},
	Date-Added = {2018-06-26 18:59:32 +0000},
	Date-Modified = {2018-07-09 22:15:02 +0000},
	Doi = {10.2172/1095962},
	Month = {Apr},
	Publisher = {Office of Scientific and Technical Information ({OSTI})},
	Title = {Definition of a 5MW/61.5m wind turbine blade reference model.},
	Url = {https://doi.org/10.2172\%2F1095962},
	Year = 2013,
	Bdsk-Url-1 = {https://doi.org/10.2172%5C%2F1095962},
	Bdsk-Url-2 = {http://dx.doi.org/10.2172/1095962}}

@manual{p2006t,
	Address = {29536 Flying Fortress Lane, Suite 1 Sebring, FL 33870},
	Date-Added = {2018-06-26 15:39:02 +0000},
	Date-Modified = {2018-07-26 02:35:46 +0000},
	Edition = {2},
	Institution = {Tecnam},
	Month = {Nov},
	Organization = {Tecnam Aircraft},
	Title = {P2006T Aircraft Flight Manual},
	Year = {2010},
	Bdsk-File-1 = {YnBsaXN0MDDUAQIDBAUGJCVYJHZlcnNpb25YJG9iamVjdHNZJGFyY2hpdmVyVCR0b3ASAAGGoKgHCBMUFRYaIVUkbnVsbNMJCgsMDxJXTlMua2V5c1pOUy5vYmplY3RzViRjbGFzc6INDoACgAOiEBGABIAFgAdccmVsYXRpdmVQYXRoWWFsaWFzRGF0YV8QKi4uLy4uLy4uL3BhcGVycy9QZXJmb3JtYW5jZS9QMjAwNlQtUE9ILnBkZtIXCxgZV05TLmRhdGFPEQGwAAAAAAGwAAIAAAxNYWNpbnRvc2ggSEQAAAAAAAAAAAAAAAAAAADULzTpSCsAAAAVmrQOUDIwMDZULVBPSC5wZGYAAAAAAAAAAAAAAAAAAAAAAAAAAAAAAAAAAAAAAAAAAAAAAAAAAAAAAAAAAAAAAAAAABWattdXrAgAAAAAAAAAAAADAAMAAAkgAAAAAAAAAAAAAAAAAAAAC1BlcmZvcm1hbmNlAAAQAAgAANQvl1kAAAARAAgAANdYDngAAAABABQAFZq0ABWRowAVVdoAEl/7ABJf+QACAEpNYWNpbnRvc2ggSEQ6VXNlcnM6AGttb29yZToARG9jdW1lbnRzOgBwYXBlcnM6AFBlcmZvcm1hbmNlOgBQMjAwNlQtUE9ILnBkZgAOAB4ADgBQADIAMAAwADYAVAAtAFAATwBIAC4AcABkAGYADwAaAAwATQBhAGMAaQBuAHQAbwBzAGgAIABIAEQAEgA4VXNlcnMva21vb3JlL0RvY3VtZW50cy9wYXBlcnMvUGVyZm9ybWFuY2UvUDIwMDZULVBPSC5wZGYAEwABLwAAFQACAA3//wAAgAbSGxwdHlokY2xhc3NuYW1lWCRjbGFzc2VzXU5TTXV0YWJsZURhdGGjHR8gVk5TRGF0YVhOU09iamVjdNIbHCIjXE5TRGljdGlvbmFyeaIiIF8QD05TS2V5ZWRBcmNoaXZlctEmJ1Ryb290gAEACAARABoAIwAtADIANwBAAEYATQBVAGAAZwBqAGwAbgBxAHMAdQB3AIQAjgC7AMAAyAJ8An4CgwKOApcCpQKpArACuQK+AssCzgLgAuMC6AAAAAAAAAIBAAAAAAAAACgAAAAAAAAAAAAAAAAAAALq}}

@incollection{JOHNSON:1994aa,
	Author = {Alastair Johnson},
	Booktitle = {Handbook of Polymer Composites for Engineers},
	Date-Added = {2018-06-25 23:22:48 +0000},
	Date-Modified = {2018-07-26 03:03:01 +0000},
	Doi = {10.1533/9781845698607.136},
	Pages = {136--180},
	Publisher = {Elsevier},
	Title = {Structural Component Design Techniques},
	Url = {https://doi.org/10.1533\%2F9781845698607.136},
	Year = 1994,
	Bdsk-Url-1 = {https://doi.org/10.1533%5C%2F9781845698607.136},
	Bdsk-Url-2 = {http://dx.doi.org/10.1533/9781845698607.136}}

@techreport{BPM,
	Author = {Thomas F. Brooks and D. Stuart Pope and Michael A. Marcolini},
	Date-Added = {2018-06-14 22:07:08 +0000},
	Date-Modified = {2018-06-14 22:35:12 +0000},
	Institution = {NASA},
	Month = {July},
	Number = {1218},
	Title = {Airfoil Self-Noise and Prediction},
	Year = {1989}}

@article{BROOKS:1986aa,
	Author = {T. F. Brooks and M. A. Marcolini},
	Date-Added = {2018-06-14 22:03:47 +0000},
	Date-Modified = {2018-07-26 02:22:18 +0000},
	Doi = {10.2514/3.9252},
	Journal = {{AIAA} Journal},
	Month = {Feb},
	Number = {2},
	Pages = {246--252},
	Publisher = {American Institute of Aeronautics and Astronautics ({AIAA})},
	Title = {Airfoil Tip Vortex Formation Noise},
	Url = {https://doi.org/10.2514\%2F3.9252},
	Volume = {24},
	Year = 1986,
	Bdsk-Url-1 = {https://doi.org/10.2514%5C%2F3.9252},
	Bdsk-Url-2 = {http://dx.doi.org/10.2514/3.9252}}

@article{eric_noise,
	Author = {Eric B. Tingey and Andrew Ning},
	Date-Added = {2018-06-14 22:02:22 +0000},
	Date-Modified = {2018-07-26 02:41:58 +0000},
	Doi = {10.1016/j.renene.2017.07.057},
	Journal = {Renewable Energy},
	Month = {Dec},
	Pages = {547--555},
	Publisher = {Elsevier {BV}},
	Title = {Trading Off Sound Pressure Level and Average Power Production for Wind Farm Layout Optimization},
	Url = {https://doi.org/10.1016\%2Fj.renene.2017.07.057},
	Volume = {114},
	Year = 2017,
	Bdsk-Url-1 = {https://doi.org/10.1016%5C%2Fj.renene.2017.07.057},
	Bdsk-Url-2 = {http://dx.doi.org/10.1016/j.renene.2017.07.057}}

@techreport{precomp,
	Author = {G. S. Bir},
	Date-Added = {2018-06-14 20:32:51 +0000},
	Date-Modified = {2018-07-09 22:10:32 +0000},
	Doi = {10.2172/876556},
	Month = {Jan},
	Publisher = {Office of Scientific and Technical Information ({OSTI})},
	Title = {User{\textquotesingle}s Guide to {PreComp} (Pre-Processor for Computing Composite Blade Properties)},
	Url = {https://doi.org/10.2172\%2F876556},
	Year = 2006,
	Bdsk-Url-1 = {https://doi.org/10.2172%5C%2F876556},
	Bdsk-Url-2 = {http://dx.doi.org/10.2172/876556}}

@techreport{nasa_many_distrib,
	Author = {S.F. Yaros and M.G. Sexstone and L.D. Huebner and J.E. Lamar and R.E. McKinley. and A.O. Torres},
	Date-Added = {2017-12-15 00:47:16 +0000},
	Date-Modified = {2018-07-26 02:38:08 +0000},
	Institution = {NASA},
	Month = {Mar},
	Number = {TM-1998-207644},
	Title = {Synergistic Airframe--Propulsion Interactions and Integrations: a White Paper Prepared by the 1996--1997 Langley Aeronautics Technical Committee},
	Year = {1998}}

@misc{dist_jet,
	Author = {AA. Griffith},
	Date-Added = {2017-12-14 17:44:27 +0000},
	Date-Modified = {2018-07-26 02:32:40 +0000},
	Howpublished = {United Kingdom Patent, 720,394},
	Title = {Improvements Relating to Aircraft and Aircraft Engine Installations.},
	Year = {1954}}

@manual{Drela2,
	Address = {Cambridge Massachusetts},
	Author = {Mark Drela},
	Date-Added = {2017-12-13 15:31:52 +0000},
	Date-Modified = {2017-12-13 15:33:08 +0000},
	Keywords = {2nd order motor model},
	Month = {February},
	Organization = {MIT Aero and Astro},
	Title = {Second Order DC Electric Motor Model},
	Year = {2007}}

@article{Ning2011,
	Author = {Andrew Ning and Tristan Flanzer and Ilan Kroo},
	Date-Added = {2017-12-13 00:49:41 +0000},
	Date-Modified = {2017-12-13 00:49:41 +0000},
	Doi = {10.2514/1.C031046},
	Journal = {Journal of Aircraft},
	Keywords = {formation flight; me; aircraft wake; flow lab},
	Month = {May},
	Number = {3},
	Pages = {855-865},
	Pdfurl = {http://scholarsarchive.byu.edu/cgi/viewcontent.cgi?article=2696&context=facpub},
	Title = {Aerodynamic Performance of Extended Formation Flight},
	Volume = {48},
	Year = {2011},
	Bdsk-File-1 = {YnBsaXN0MDDUAQIDBAUGJCVYJHZlcnNpb25YJG9iamVjdHNZJGFyY2hpdmVyVCR0b3ASAAGGoKgHCBMUFRYaIVUkbnVsbNMJCgsMDxJXTlMua2V5c1pOUy5vYmplY3RzViRjbGFzc6INDoACgAOiEBGABIAFgAdccmVsYXRpdmVQYXRoWWFsaWFzRGF0YV8QOC4uLy4uLy4uL1JlZmVyZW5jZXMvTmluZzIwMTEtQWVyb2R5bmFtaWMtUGVyZm9ybWFuY2UucGRm0hcLGBlXTlMuZGF0YU8RAf4AAAAAAf4AAgAADE1hY2ludG9zaCBIRAAAAAAAAAAAAAAAAAAAAM+TZNtIKwAAABWfqx9OaW5nMjAxMS1BZXJvZHluYW1pYyMxNzhERkQucGRmAAAAAAAAAAAAAAAAAAAAAAAAAAAAAAAAAAAAAAAAAAAAF439zmUH0AAAAAAAAAAAAAMAAgAACSAAAAAAAAAAAAAAAAAAAAAKUmVmZXJlbmNlcwAQAAgAAM+TuTsAAAARAAgAAM5lXDAAAAABABQAFZ+rABb0MAAVnVcACTb0AAJnJQACAFlNYWNpbnRvc2ggSEQ6VXNlcnM6AGFuZHJld25pbmc6AERyb3Bib3g6AEJZVToAUmVmZXJlbmNlczoATmluZzIwMTEtQWVyb2R5bmFtaWMjMTc4REZELnBkZgAADgBKACQATgBpAG4AZwAyADAAMQAxAC0AQQBlAHIAbwBkAHkAbgBhAG0AaQBjAC0AUABlAHIAZgBvAHIAbQBhAG4AYwBlAC4AcABkAGYADwAaAAwATQBhAGMAaQBuAHQAbwBzAGgAIABIAEQAEgBMVXNlcnMvYW5kcmV3bmluZy9Ecm9wYm94L0JZVS9SZWZlcmVuY2VzL05pbmcyMDExLUFlcm9keW5hbWljLVBlcmZvcm1hbmNlLnBkZgATAAEvAAAVAAIAEf//AACABtIbHB0eWiRjbGFzc25hbWVYJGNsYXNzZXNdTlNNdXRhYmxlRGF0YaMdHyBWTlNEYXRhWE5TT2JqZWN00hscIiNcTlNEaWN0aW9uYXJ5oiIgXxAPTlNLZXllZEFyY2hpdmVy0SYnVHJvb3SAAQAIABEAGgAjAC0AMgA3AEAARgBNAFUAYABnAGoAbABuAHEAcwB1AHcAhACOAMkAzgDWAtgC2gLfAuoC8wMBAwUDDAMVAxoDJwMqAzwDPwNEAAAAAAAAAgEAAAAAAAAAKAAAAAAAAAAAAAAAAAAAA0Y=},
	Bdsk-Url-1 = {http://dx.doi.org/10.2514/1.C031046}}

@url{faa_takeoff_dist,
	Author = {FAA},
	Date-Added = {2017-12-12 04:14:21 +0000},
	Date-Modified = {2017-12-12 04:15:08 +0000},
	Title = {Pilot Guide to Takeoff Safety: https://www.faa.gov/other_visit/aviation_industry/airline_operators/training/media/takeoff_safety.pdf},
	Bdsk-File-1 = {YnBsaXN0MDDUAQIDBAUGJCVYJHZlcnNpb25YJG9iamVjdHNZJGFyY2hpdmVyVCR0b3ASAAGGoKgHCBMUFRYaIVUkbnVsbNMJCgsMDxJXTlMua2V5c1pOUy5vYmplY3RzViRjbGFzc6INDoACgAOiEBGABIAFgAdccmVsYXRpdmVQYXRoWWFsaWFzRGF0YV8QNi4uLy4uLy4uL3BhcGVycy9QZXJmb3JtYW5jZS9UYWtlb2ZmL3Rha2VvZmZfc2FmZXR5LnBkZtIXCxgZV05TLmRhdGFPEQHSAAAAAAHSAAIAAAxNYWNpbnRvc2ggSEQAAAAAAAAAAAAAAAAAAADULzTpSCsAAAAVmrcSdGFrZW9mZl9zYWZldHkucGRmAAAAAAAAAAAAAAAAAAAAAAAAAAAAAAAAAAAAAAAAAAAAAAAAAAAAAAAAAAAAABWawtZUpZMAAAAAAAAAAAADAAQAAAkgAAAAAAAAAAAAAAAAAAAAB1Rha2VvZmYAABAACAAA1C+XWQAAABEACAAA1lUIAwAAAAEAGAAVmrcAFZq0ABWRowAVVdoAEl/7ABJf+QACAFdNYWNpbnRvc2ggSEQ6VXNlcnM6AGttb29yZToARG9jdW1lbnRzOgBwYXBlcnM6AFBlcmZvcm1hbmNlOgBUYWtlb2ZmOgB0YWtlb2ZmX3NhZmV0eS5wZGYAAA4AJgASAHQAYQBrAGUAbwBmAGYAXwBzAGEAZgBlAHQAeQAuAHAAZABmAA8AGgAMAE0AYQBjAGkAbgB0AG8AcwBoACAASABEABIARFVzZXJzL2ttb29yZS9Eb2N1bWVudHMvcGFwZXJzL1BlcmZvcm1hbmNlL1Rha2VvZmYvdGFrZW9mZl9zYWZldHkucGRmABMAAS8AABUAAgAN//8AAIAG0hscHR5aJGNsYXNzbmFtZVgkY2xhc3Nlc11OU011dGFibGVEYXRhox0fIFZOU0RhdGFYTlNPYmplY3TSGxwiI1xOU0RpY3Rpb25hcnmiIiBfEA9OU0tleWVkQXJjaGl2ZXLRJidUcm9vdIABAAgAEQAaACMALQAyADcAQABGAE0AVQBgAGcAagBsAG4AcQBzAHUAdwCEAI4AxwDMANQCqgKsArECvALFAtMC1wLeAucC7AL5AvwDDgMRAxYAAAAAAAACAQAAAAAAAAAoAAAAAAAAAAAAAAAAAAADGA==}}

@inproceedings{Veldhuis2004,
	Author = {L. L. M. Veldhuis},
	Booktitle = {International Congress of the Aeronautical Sciences},
	Date-Added = {2017-12-11 23:41:19 +0000},
	Date-Modified = {2017-12-11 23:43:23 +0000},
	Title = {Review of Propeller-Wing Aerodynamic Interference},
	Year = {2004}}

@manual{cirrrus_POH,
	Date-Added = {2017-12-11 22:02:20 +0000},
	Date-Modified = {2018-07-26 02:36:30 +0000},
	Keywords = {cirrus aircraft},
	Month = {April},
	Title = {Pilot's Operating Handbook and FAA Approved Airplane Flight Manual for the CIRRUS SR22},
	Year = {2017},
	Bdsk-File-1 = {YnBsaXN0MDDUAQIDBAUGJCVYJHZlcnNpb25YJG9iamVjdHNZJGFyY2hpdmVyVCR0b3ASAAGGoKgHCBMUFRYaIVUkbnVsbNMJCgsMDxJXTlMua2V5c1pOUy5vYmplY3RzViRjbGFzc6INDoACgAOiEBGABIAFgAdccmVsYXRpdmVQYXRoWWFsaWFzRGF0YV8QNC4uLy4uLy4uL3BhcGVycy9Qcm9wL1Byb3BfT25fV2luZy9TaXJydXNTUjIyX1BPSC5wZGbSFwsYGVdOUy5kYXRhTxEB0gAAAAAB0gACAAAMTWFjaW50b3NoIEhEAAAAAAAAAAAAAAAAAAAA1C806UgrAAAAFZseElNpcnJ1c1NSMjJfUE9ILnBkZgAAAAAAAAAAAAAAAAAAAAAAAAAAAAAAAAAAAAAAAAAAAAAAAAAAAAAAAAAAAAAVm03WVEyKAAAAAAAAAAAAAwAEAAAJIAAAAAAAAAAAAAAAAAAAAAxQcm9wX09uX1dpbmcAEAAIAADUL5dZAAAAEQAIAADWVK76AAAAAQAYABWbHgAVmsQAFZGjABVV2gASX/sAEl/5AAIAVU1hY2ludG9zaCBIRDpVc2VyczoAa21vb3JlOgBEb2N1bWVudHM6AHBhcGVyczoAUHJvcDoAUHJvcF9Pbl9XaW5nOgBTaXJydXNTUjIyX1BPSC5wZGYAAA4AJgASAFMAaQByAHIAdQBzAFMAUgAyADIAXwBQAE8ASAAuAHAAZABmAA8AGgAMAE0AYQBjAGkAbgB0AG8AcwBoACAASABEABIAQlVzZXJzL2ttb29yZS9Eb2N1bWVudHMvcGFwZXJzL1Byb3AvUHJvcF9Pbl9XaW5nL1NpcnJ1c1NSMjJfUE9ILnBkZgATAAEvAAAVAAIADf//AACABtIbHB0eWiRjbGFzc25hbWVYJGNsYXNzZXNdTlNNdXRhYmxlRGF0YaMdHyBWTlNEYXRhWE5TT2JqZWN00hscIiNcTlNEaWN0aW9uYXJ5oiIgXxAPTlNLZXllZEFyY2hpdmVy0SYnVHJvb3SAAQAIABEAGgAjAC0AMgA3AEAARgBNAFUAYABnAGoAbABuAHEAcwB1AHcAhACOAMUAygDSAqgCqgKvAroCwwLRAtUC3ALlAuoC9wL6AwwDDwMUAAAAAAAAAgEAAAAAAAAAKAAAAAAAAAAAAAAAAAAAAxY=}}

@url{astroflight,
	Date-Added = {2017-12-09 15:31:05 +0000},
	Date-Modified = {2017-12-09 18:29:13 +0000},
	Keywords = {astroflight motors},
	Title = {http://www.astroflight.com},
	Url = {http://www.astroflight.com},
	Year = {2014},
	Bdsk-Url-1 = {http://www.astroflight.com}}

@url{warpdrive,
	Date-Added = {2017-12-09 15:09:16 +0000},
	Date-Modified = {2017-12-09 18:30:13 +0000},
	Keywords = {warp drive props},
	Month = {Dec},
	Title = {https://warpdriveinc.com},
	Url = {https://warpdriveinc.com},
	Year = {2017},
	Bdsk-Url-1 = {https://warpdriveinc.com}}

@url{cirrus2,
	Date-Added = {2017-12-08 20:13:47 +0000},
	Date-Modified = {2017-12-09 18:29:42 +0000},
	Month = {Dec},
	Title = {http://cirrusaircraft.com/aircraft/sr22/},
	Url = {http://cirrusaircraft.com/aircraft/sr22/},
	Year = {2017},
	Bdsk-Url-1 = {http://cirrusaircraft.com/aircraft/sr22/}}

@booklet{cirrus1,
	Address = {Cirrus Aircraft, 4515 Taylor Circle, Duluth, MN 55811},
	Date-Added = {2017-12-08 20:12:16 +0000},
	Date-Modified = {2017-12-08 20:13:32 +0000},
	Month = {September},
	Title = {Airplane Information Manual for the Cirrus Design SR22},
	Year = {2011}}

@incollection{tip-correction,
	Author = {Glauert, H.},
	Date-Added = {2017-12-08 15:48:07 +0000},
	Date-Modified = {2018-10-12 03:20:38 +0000},
	Doi = {https://doi.org/10.1007/978-3-642-91487-4_3},
	Pages = {169--360},
	Publisher = {Springer, Berlin, Heidelberg},
	Title = {Airplane Propellers. In: Aerodynamic Theory},
	Volume = {4},
	Year = {1935},
	Bdsk-Url-1 = {https://doi.org/10.1007/978-3-642-91487-4_3}}

@mastersthesis{Epema,
	Author = {H.K. Epema},
	Date-Added = {2017-11-27 20:01:56 +0000},
	Date-Modified = {2018-07-26 02:42:30 +0000},
	Keywords = {Prop on wing epema},
	Month = {Jun},
	School = {Delft University of Technology},
	Title = {Wing Optimisation for Tractor Propeller Configurations},
	Year = {2017},
	Bdsk-File-1 = {YnBsaXN0MDDUAQIDBAUGJCVYJHZlcnNpb25YJG9iamVjdHNZJGFyY2hpdmVyVCR0b3ASAAGGoKgHCBMUFRYaIVUkbnVsbNMJCgsMDxJXTlMua2V5c1pOUy5vYmplY3RzViRjbGFzc6INDoACgAOiEBGABIAFgAdccmVsYXRpdmVQYXRoWWFsaWFzRGF0YV8QNC4uLy4uLy4uL3BhcGVycy9Qcm9wL1Byb3BfT25fV2luZy9Qcm9wV2luZ0JldHRlci5wZGbSFwsYGVdOUy5kYXRhTxEB0gAAAAAB0gACAAAMTWFjaW50b3NoIEhEAAAAAAAAAAAAAAAAAAAA1C806UgrAAAAFZseElByb3BXaW5nQmV0dGVyLnBkZgAAAAAAAAAAAAAAAAAAAAAAAAAAAAAAAAAAAAAAAAAAAAAAAAAAAAAAAAAAAAAVm0nVyZYGAAAAAAAAAAAAAwAEAAAJIAAAAAAAAAAAAAAAAAAAAAxQcm9wX09uX1dpbmcAEAAIAADUL5dZAAAAEQAIAADVyfh2AAAAAQAYABWbHgAVmsQAFZGjABVV2gASX/sAEl/5AAIAVU1hY2ludG9zaCBIRDpVc2VyczoAa21vb3JlOgBEb2N1bWVudHM6AHBhcGVyczoAUHJvcDoAUHJvcF9Pbl9XaW5nOgBQcm9wV2luZ0JldHRlci5wZGYAAA4AJgASAFAAcgBvAHAAVwBpAG4AZwBCAGUAdAB0AGUAcgAuAHAAZABmAA8AGgAMAE0AYQBjAGkAbgB0AG8AcwBoACAASABEABIAQlVzZXJzL2ttb29yZS9Eb2N1bWVudHMvcGFwZXJzL1Byb3AvUHJvcF9Pbl9XaW5nL1Byb3BXaW5nQmV0dGVyLnBkZgATAAEvAAAVAAIADf//AACABtIbHB0eWiRjbGFzc25hbWVYJGNsYXNzZXNdTlNNdXRhYmxlRGF0YaMdHyBWTlNEYXRhWE5TT2JqZWN00hscIiNcTlNEaWN0aW9uYXJ5oiIgXxAPTlNLZXllZEFyY2hpdmVy0SYnVHJvb3SAAQAIABEAGgAjAC0AMgA3AEAARgBNAFUAYABnAGoAbABuAHEAcwB1AHcAhACOAMUAygDSAqgCqgKvAroCwwLRAtUC3ALlAuoC9wL6AwwDDwMUAAAAAAAAAgEAAAAAAAAAKAAAAAAAAAAAAAAAAAAAAxY=}}

@electronic{wire,
	Date-Added = {2017-06-05 17:05:34 +0000},
	Date-Modified = {2017-06-05 17:26:01 +0000},
	Keywords = {wire mass and resistance},
	Lastchecked = {6/5/17},
	Title = {Common US wire gauges - AWG gauges and their current ratings, http://www.engineeringtoolbox.com},
	Url = {http://www.engineeringtoolbox.com/wire-gauges-d_419.html},
	Year = {2017},
	Bdsk-Url-1 = {http://www.engineeringtoolbox.com/wire-gauges-d_419.html}}

@article{hale_design,
	Author = {G. Romeo and G. Frulla and E. Cestino},
	Date-Added = {2017-06-01 18:26:24 +0000},
	Date-Modified = {2017-06-01 18:29:29 +0000},
	Journal = {Journal of Aerospace Engineering},
	Keywords = {hale design, satellite},
	Number = {G},
	Pages = {199-216},
	Title = {Design of a high-altitude long-endurance solar-powered unmanned air vehicle for multi-payload and operations},
	Volume = {221},
	Year = {2007},
	Bdsk-File-1 = {YnBsaXN0MDDUAQIDBAUGJCVYJHZlcnNpb25YJG9iamVjdHNZJGFyY2hpdmVyVCR0b3ASAAGGoKgHCBMUFRYaIVUkbnVsbNMJCgsMDxJXTlMua2V5c1pOUy5vYmplY3RzViRjbGFzc6INDoACgAOiEBGABIAFgAdccmVsYXRpdmVQYXRoWWFsaWFzRGF0YV8QiS4uLy4uLy4uL3BhcGVycy9IQUxFbWRhby9EZXNpZ24gb2YgYSBoaWdoLWFsdGl0dWRlIGxvbmctZW5kdXJhbmNlIHNvbGFyLXBvd2VyZWQgdW5tYW5uZWQgYWlyIHZlaGljbGUgZm9yIG11bHRpLXBheWxvYWQgYW5kIG9wZXJhdGlvbnMucGRm0hcLGBlXTlMuZGF0YU8RAt4AAAAAAt4AAgAADE1hY2ludG9zaCBIRAAAAAAAAAAAAAAAAAAAANQvNOlIKwAAABWaDR9EZXNpZ24gb2YgYSBoaWdoLWFsdCMxNTlBMTAucGRmAAAAAAAAAAAAAAAAAAAAAAAAAAAAAAAAAAAAAAAAAAAAFZoQ01ZG3wAAAAAAAAAAAAMAAwAACSAAAAAAAAAAAAAAAAAAAAAISEFMRW1kYW8AEAAIAADUL5dZAAAAEQAIAADTVqlPAAAAAQAUABWaDQAVkaMAFVXaABJf+wASX/kAAgBYTWFjaW50b3NoIEhEOlVzZXJzOgBrbW9vcmU6AERvY3VtZW50czoAcGFwZXJzOgBIQUxFbWRhbzoARGVzaWduIG9mIGEgaGlnaC1hbHQjMTU5QTEwLnBkZgAOAOIAcABEAGUAcwBpAGcAbgAgAG8AZgAgAGEAIABoAGkAZwBoAC0AYQBsAHQAaQB0AHUAZABlACAAbABvAG4AZwAtAGUAbgBkAHUAcgBhAG4AYwBlACAAcwBvAGwAYQByAC0AcABvAHcAZQByAGUAZAAgAHUAbgBtAGEAbgBuAGUAZAAgAGEAaQByACAAdgBlAGgAaQBjAGwAZQAgAGYAbwByACAAbQB1AGwAdABpAC0AcABhAHkAbABvAGEAZAAgAGEAbgBkACAAbwBwAGUAcgBhAHQAaQBvAG4AcwAuAHAAZABmAA8AGgAMAE0AYQBjAGkAbgB0AG8AcwBoACAASABEABIAl1VzZXJzL2ttb29yZS9Eb2N1bWVudHMvcGFwZXJzL0hBTEVtZGFvL0Rlc2lnbiBvZiBhIGhpZ2gtYWx0aXR1ZGUgbG9uZy1lbmR1cmFuY2Ugc29sYXItcG93ZXJlZCB1bm1hbm5lZCBhaXIgdmVoaWNsZSBmb3IgbXVsdGktcGF5bG9hZCBhbmQgb3BlcmF0aW9ucy5wZGYAABMAAS8AABUAAgAN//8AAIAG0hscHR5aJGNsYXNzbmFtZVgkY2xhc3Nlc11OU011dGFibGVEYXRhox0fIFZOU0RhdGFYTlNPYmplY3TSGxwiI1xOU0RpY3Rpb25hcnmiIiBfEA9OU0tleWVkQXJjaGl2ZXLRJidUcm9vdIABAAgAEQAaACMALQAyADcAQABGAE0AVQBgAGcAagBsAG4AcQBzAHUAdwCEAI4BGgEfAScECQQLBBAEGwQkBDIENgQ9BEYESwRYBFsEbQRwBHUAAAAAAAACAQAAAAAAAAAoAAAAAAAAAAAAAAAAAAAEdw==}}

@article{julia,
	Author = {Jeff Bezanson and Alan Edelman and Stefan Karpinski and Viral B Shah},
	Date-Added = {2017-05-26 15:25:02 +0000},
	Date-Modified = {2017-05-26 15:26:59 +0000},
	Journal = {SIAM Review},
	Keywords = {julia lang},
	Number = {1},
	Pages = {65-98},
	Title = {Julia: A Fresh Approach to Numerical Computing},
	Volume = {59},
	Year = {2017}}

@article{snopt,
	Author = {P. E. Gill and W. Murray and M. A. Saunders},
	Date-Added = {2017-05-26 15:09:09 +0000},
	Date-Modified = {2019-04-12 02:59:39 +0000},
	Doi = {10.2307/20453604},
	Journal = {SIAM Journal on Optimization},
	Keywords = {snopt},
	Month = {04},
	Number = {4},
	Pages = {979-1006},
	Title = {{SNOPT}: An {SQP} algorithm for largescale constrained optimization},
	Volume = {12},
	Year = {2002},
	Bdsk-Url-1 = {http://dx.doi.org/10.2307/20453604}}

@book{fund_flight,
	Author = {Richard S. Shevell},
	Date-Added = {2017-05-25 23:02:19 +0000},
	Date-Modified = {2017-05-25 23:04:27 +0000},
	Edition = {2},
	Keywords = {fundamentals of flight},
	Publisher = {Prentice-Hall International},
	Title = {Fundamentals of Flight},
	Year = {1989}}

@conference{BadCFD,
	Author = {D. Aleksandrov and I. Penkov},
	Date-Added = {2017-05-24 15:05:03 +0000},
	Date-Modified = {2018-07-26 02:35:32 +0000},
	Keywords = {2 Prop interference},
	Month = {Apr},
	Title = {Optimal Gap Distance Between Rotors of Mini Quadrotor Heliocopter},
	Volume = {8th International DAAAM Baltic Conference "Industrial Engineering"},
	Year = {2012},
	Bdsk-File-1 = {YnBsaXN0MDDUAQIDBAUGJCVYJHZlcnNpb25YJG9iamVjdHNZJGFyY2hpdmVyVCR0b3ASAAGGoKgHCBMUFRYaIVUkbnVsbNMJCgsMDxJXTlMua2V5c1pOUy5vYmplY3RzViRjbGFzc6INDoACgAOiEBGABIAFgAdccmVsYXRpdmVQYXRoWWFsaWFzRGF0YV8QQC4uLy4uLy4uL3BhcGVycy9Qcm9wL1Byb3BPblByb3AvQmFkQ0ZEUHJvcFNlcGFyYXRpb25EaXN0YW5jZS5wZGbSFwsYGVdOUy5kYXRhTxECAgAAAAACAgACAAAMTWFjaW50b3NoIEhEAAAAAAAAAAAAAAAAAAAA1C806UgrAAAAFZtVH0JhZENGRFByb3BTZXBhcmF0aW9uIzE1OUI1Ny5wZGYAAAAAAAAAAAAAAAAAAAAAAAAAAAAAAAAAAAAAAAAAAAAVm1fVL/p0AAAAAAAAAAAAAwAEAAAJIAAAAAAAAAAAAAAAAAAAAApQcm9wT25Qcm9wABAACAAA1C+XWQAAABEACAAA1TBc5AAAAAEAGAAVm1UAFZrEABWRowAVVdoAEl/7ABJf+QACAGBNYWNpbnRvc2ggSEQ6VXNlcnM6AGttb29yZToARG9jdW1lbnRzOgBwYXBlcnM6AFByb3A6AFByb3BPblByb3A6AEJhZENGRFByb3BTZXBhcmF0aW9uIzE1OUI1Ny5wZGYADgBCACAAQgBhAGQAQwBGAEQAUAByAG8AcABTAGUAcABhAHIAYQB0AGkAbwBuAEQAaQBzAHQAYQBuAGMAZQAuAHAAZABmAA8AGgAMAE0AYQBjAGkAbgB0AG8AcwBoACAASABEABIATlVzZXJzL2ttb29yZS9Eb2N1bWVudHMvcGFwZXJzL1Byb3AvUHJvcE9uUHJvcC9CYWRDRkRQcm9wU2VwYXJhdGlvbkRpc3RhbmNlLnBkZgATAAEvAAAVAAIADf//AACABtIbHB0eWiRjbGFzc25hbWVYJGNsYXNzZXNdTlNNdXRhYmxlRGF0YaMdHyBWTlNEYXRhWE5TT2JqZWN00hscIiNcTlNEaWN0aW9uYXJ5oiIgXxAPTlNLZXllZEFyY2hpdmVy0SYnVHJvb3SAAQAIABEAGgAjAC0AMgA3AEAARgBNAFUAYABnAGoAbABuAHEAcwB1AHcAhACOANEA1gDeAuQC5gLrAvYC/wMNAxEDGAMhAyYDMwM2A0gDSwNQAAAAAAAAAgEAAAAAAAAAKAAAAAAAAAAAAAAAAAAAA1I=}}

@url{momentum,
	Author = {E. M. Greitzer and Z. S. Spakovszky and I. A. W.},
	Date-Added = {2017-05-23 19:07:45 +0000},
	Date-Modified = {2017-12-09 18:18:14 +0000},
	Keywords = {performance of propellers momentum},
	Lastchecked = {5/23/17},
	Title = {Thermodynamics and Propulsion Notes: 11.7 Performance of Propellers"},
	Url = {http://web.mit.edu/16.unified/www/FALL/thermodynamics/notes/node86.html},
	Bdsk-Url-1 = {http://web.mit.edu/16.unified/www/FALL/thermodynamics/notes/node86.html}}

@book{Katz,
	Author = {J. Katz and A. Plotkin},
	Date-Added = {2017-05-22 16:25:06 +0000},
	Date-Modified = {2018-07-26 02:34:39 +0000},
	Keywords = {Other VLM reference},
	Number = {ISBN 0-07-050446-6},
	Publisher = {Mc. Graw-Hill},
	Title = {Low Speed Aerodynamics -- From Wing Theory to Panel Methods},
	Year = {1991}}

@book{bertin,
	Author = {J. J. Bertin},
	Date-Added = {2017-05-22 16:22:54 +0000},
	Date-Modified = {2018-07-26 02:21:49 +0000},
	Edition = {4th},
	Keywords = {Aero for Engineer VLM},
	Number = {ISBN 0-13- 064633},
	Publisher = {Prentice Hall},
	Title = {Aerodynamics for Engineers},
	Year = {2002}}

@techreport{DrelaMotor,
	Address = {Cambridge Massachusetts},
	Author = {Mark Drela},
	Date-Added = {2017-04-21 16:22:55 +0000},
	Date-Modified = {2019-07-19 02:41:41 +0000},
	Institution = {MIT},
	Keywords = {motor model first order electric},
	Month = {Feb},
	Organization = {MIT Aero and Astro},
	Title = {First Order DC Electric Motor Model},
	Year = {2007},
	Bdsk-File-1 = {YnBsaXN0MDDUAQIDBAUGJCVYJHZlcnNpb25YJG9iamVjdHNZJGFyY2hpdmVyVCR0b3ASAAGGoKgHCBMUFRYaIVUkbnVsbNMJCgsMDxJXTlMua2V5c1pOUy5vYmplY3RzViRjbGFzc6INDoACgAOiEBGABIAFgAdccmVsYXRpdmVQYXRoWWFsaWFzRGF0YV8QMi4uLy4uLy4uL3BhcGVycy9Nb3RvclBhcGVycy9EcmVsYU1vdG9yMXN0T3JkZXIucGRm0hcLGBlXTlMuZGF0YU8RAdAAAAAAAdAAAgAADE1hY2ludG9zaCBIRAAAAAAAAAAAAAAAAAAAANQvNOlIKwAAABWamhZEcmVsYU1vdG9yMXN0T3JkZXIucGRmAAAAAAAAAAAAAAAAAAAAAAAAAAAAAAAAAAAAAAAAAAAAAAAAAAAAAAAAFZqc1R+ASgAAAAAAAAAAAAMAAwAACSAAAAAAAAAAAAAAAAAAAAALTW90b3JQYXBlcnMAABAACAAA1C+XWQAAABEACAAA1R/iugAAAAEAFAAVmpoAFZGjABVV2gASX/sAEl/5AAIAUk1hY2ludG9zaCBIRDpVc2VyczoAa21vb3JlOgBEb2N1bWVudHM6AHBhcGVyczoATW90b3JQYXBlcnM6AERyZWxhTW90b3Ixc3RPcmRlci5wZGYADgAuABYARAByAGUAbABhAE0AbwB0AG8AcgAxAHMAdABPAHIAZABlAHIALgBwAGQAZgAPABoADABNAGEAYwBpAG4AdABvAHMAaAAgAEgARAASAEBVc2Vycy9rbW9vcmUvRG9jdW1lbnRzL3BhcGVycy9Nb3RvclBhcGVycy9EcmVsYU1vdG9yMXN0T3JkZXIucGRmABMAAS8AABUAAgAN//8AAIAG0hscHR5aJGNsYXNzbmFtZVgkY2xhc3Nlc11OU011dGFibGVEYXRhox0fIFZOU0RhdGFYTlNPYmplY3TSGxwiI1xOU0RpY3Rpb25hcnmiIiBfEA9OU0tleWVkQXJjaGl2ZXLRJidUcm9vdIABAAgAEQAaACMALQAyADcAQABGAE0AVQBgAGcAagBsAG4AcQBzAHUAdwCEAI4AwwDIANACpAKmAqsCtgK/As0C0QLYAuEC5gLzAvYDCAMLAxAAAAAAAAACAQAAAAAAAAAoAAAAAAAAAAAAAAAAAAADEg==}}

@phdthesis{DEPwakeTheory,
	Address = {Blacksburg, Virginia},
	Author = {Yan-Yee Andy Ko},
	Date-Added = {2017-04-21 15:13:57 +0000},
	Date-Modified = {2018-07-26 02:38:41 +0000},
	Keywords = {multidisciplinary aerodynamic optimization distributed propulsion blended wing},
	Month = {Apr},
	School = {Virginia Polytechnic Institute and State University},
	Title = {The Multidisciplinary Design Optimization of a Distributed Propulsion Blended-Wing-Body Aircraft},
	Year = {2003},
	Bdsk-File-1 = {YnBsaXN0MDDUAQIDBAUGJCVYJHZlcnNpb25YJG9iamVjdHNZJGFyY2hpdmVyVCR0b3ASAAGGoKgHCBMUFRYaIVUkbnVsbNMJCgsMDxJXTlMua2V5c1pOUy5vYmplY3RzViRjbGFzc6INDoACgAOiEBGABIAFgAdccmVsYXRpdmVQYXRoWWFsaWFzRGF0YV8QPy4uLy4uLy4uL3BhcGVycy9Qcm9wL0RFUHdha2VFZmZlY3RzL2Rpc3RQcm9wVGhlb3J5RGV0YWlsUDgwLnBkZtIXCxgZV05TLmRhdGFPEQH8AAAAAAH8AAIAAAxNYWNpbnRvc2ggSEQAAAAAAAAAAAAAAAAAAADULzTpSCsAAAAVmuAbZGlzdFByb3BUaGVvcnlEZXRhaWxQODAucGRmAAAAAAAAAAAAAAAAAAAAAAAAAAAAAAAAAAAAAAAAAAAAAAAAABWa49UepKkAAAAAAAAAAAADAAQAAAkgAAAAAAAAAAAAAAAAAAAADkRFUHdha2VFZmZlY3RzABAACAAA1C+XWQAAABEACAAA1R8HGQAAAAEAGAAVmuAAFZrEABWRowAVVdoAEl/7ABJf+QACAGBNYWNpbnRvc2ggSEQ6VXNlcnM6AGttb29yZToARG9jdW1lbnRzOgBwYXBlcnM6AFByb3A6AERFUHdha2VFZmZlY3RzOgBkaXN0UHJvcFRoZW9yeURldGFpbFA4MC5wZGYADgA4ABsAZABpAHMAdABQAHIAbwBwAFQAaABlAG8AcgB5AEQAZQB0AGEAaQBsAFAAOAAwAC4AcABkAGYADwAaAAwATQBhAGMAaQBuAHQAbwBzAGgAIABIAEQAEgBNVXNlcnMva21vb3JlL0RvY3VtZW50cy9wYXBlcnMvUHJvcC9ERVB3YWtlRWZmZWN0cy9kaXN0UHJvcFRoZW9yeURldGFpbFA4MC5wZGYAABMAAS8AABUAAgAN//8AAIAG0hscHR5aJGNsYXNzbmFtZVgkY2xhc3Nlc11OU011dGFibGVEYXRhox0fIFZOU0RhdGFYTlNPYmplY3TSGxwiI1xOU0RpY3Rpb25hcnmiIiBfEA9OU0tleWVkQXJjaGl2ZXLRJidUcm9vdIABAAgAEQAaACMALQAyADcAQABGAE0AVQBgAGcAagBsAG4AcQBzAHUAdwCEAI4A0ADVAN0C3QLfAuQC7wL4AwYDCgMRAxoDHwMsAy8DQQNEA0kAAAAAAAACAQAAAAAAAAAoAAAAAAAAAAAAAAAAAAADSw==}}

@url{dubai,
	Date-Added = {2017-04-04 18:36:33 +0000},
	Date-Modified = {2018-07-26 02:42:16 +0000},
	Howpublished = {News Article},
	Keywords = {dubai flying taxi},
	Month = {April},
	Title = {Up, Up and away: Passenger-carrying drone to fly in Dubai:http://bigstory.ap.org/article/d53625cc57124bf992e934522d4c1d6e/and-away-passenger-carrying-drone-fly-dubai},
	Url = {http://bigstory.ap.org/article/d53625cc57124bf992e934522d4c1d6e/and-away-passenger-carrying-drone-fly-dubai},
	Year = {2017},
	Bdsk-Url-1 = {http://bigstory.ap.org/article/d53625cc57124bf992e934522d4c1d6e/and-away-passenger-carrying-drone-fly-dubai}}

@url{drivecalc,
	Author = {Christian Persson},
	Date-Added = {2017-04-03 21:23:38 +0000},
	Date-Modified = {2017-04-21 17:14:32 +0000},
	Keywords = {motor database},
	Lastchecked = {4/3/17},
	Month = {April},
	Title = {Home of the Drive Calculator, http://www.drivecalc.de},
	Url = {http://www.drivecalc.de},
	Year = {2017},
	Bdsk-Url-1 = {http://www.drivecalc.de}}

@phdthesis{proponwing,
	Author = {Leonardus Louis Maria Veldhuis},
	Date-Added = {2017-03-31 21:24:44 +0000},
	Date-Modified = {2017-05-22 16:35:49 +0000},
	Keywords = {Prop on wing},
	Month = {June},
	School = {Technical University of Delft},
	Title = {Propeller Wing Aerodynamic Interference},
	Year = {2005},
	Bdsk-File-1 = {YnBsaXN0MDDUAQIDBAUGJCVYJHZlcnNpb25YJG9iamVjdHNZJGFyY2hpdmVyVCR0b3ASAAGGoKgHCBMUFRYaIVUkbnVsbNMJCgsMDxJXTlMua2V5c1pOUy5vYmplY3RzViRjbGFzc6INDoACgAOiEBGABIAFgAdccmVsYXRpdmVQYXRoWWFsaWFzRGF0YV8QPC4uLy4uLy4uL3BhcGVycy9Qcm9wL1Byb3BfT25fV2luZy9Qcm9wTW9kZWxBbmRXaW5nRWZmZWN0LnBkZtIXCxgZV05TLmRhdGFPEQHyAAAAAAHyAAIAAAxNYWNpbnRvc2ggSEQAAAAAAAAAAAAAAAAAAADULzTpSCsAAAAVmx4aUHJvcE1vZGVsQW5kV2luZ0VmZmVjdC5wZGYAAAAAAAAAAAAAAAAAAAAAAAAAAAAAAAAAAAAAAAAAAAAAAAAAABWbR9SmbecAAAAAAAAAAAADAAQAAAkgAAAAAAAAAAAAAAAAAAAADFByb3BfT25fV2luZwAQAAgAANQvl1kAAAARAAgAANSm0FcAAAABABgAFZseABWaxAAVkaMAFVXaABJf+wASX/kAAgBdTWFjaW50b3NoIEhEOlVzZXJzOgBrbW9vcmU6AERvY3VtZW50czoAcGFwZXJzOgBQcm9wOgBQcm9wX09uX1dpbmc6AFByb3BNb2RlbEFuZFdpbmdFZmZlY3QucGRmAAAOADYAGgBQAHIAbwBwAE0AbwBkAGUAbABBAG4AZABXAGkAbgBnAEUAZgBmAGUAYwB0AC4AcABkAGYADwAaAAwATQBhAGMAaQBuAHQAbwBzAGgAIABIAEQAEgBKVXNlcnMva21vb3JlL0RvY3VtZW50cy9wYXBlcnMvUHJvcC9Qcm9wX09uX1dpbmcvUHJvcE1vZGVsQW5kV2luZ0VmZmVjdC5wZGYAEwABLwAAFQACAA3//wAAgAbSGxwdHlokY2xhc3NuYW1lWCRjbGFzc2VzXU5TTXV0YWJsZURhdGGjHR8gVk5TRGF0YVhOU09iamVjdNIbHCIjXE5TRGljdGlvbmFyeaIiIF8QD05TS2V5ZWRBcmNoaXZlctEmJ1Ryb290gAEACAARABoAIwAtADIANwBAAEYATQBVAGAAZwBqAGwAbgBxAHMAdQB3AIQAjgDNANIA2gLQAtIC1wLiAusC+QL9AwQDDQMSAx8DIgM0AzcDPAAAAAAAAAIBAAAAAAAAACgAAAAAAAAAAAAAAAAAAAM+}}

@mastersthesis{DEP_AeroStruct,
	Author = {Sui An},
	Date-Added = {2017-03-31 21:21:26 +0000},
	Date-Modified = {2017-05-23 21:14:01 +0000},
	Keywords = {DEP Aero Structural},
	Month = {May},
	School = {Georgia Institute of Technology},
	Title = {Design Of A Lightweight Distributed Electric Propulsion Aircraft with Flutter and Strength Requirements},
	Year = {2015},
	Bdsk-File-1 = {YnBsaXN0MDDUAQIDBAUGJCVYJHZlcnNpb25YJG9iamVjdHNZJGFyY2hpdmVyVCR0b3ASAAGGoKgHCBMUFRYaIVUkbnVsbNMJCgsMDxJXTlMua2V5c1pOUy5vYmplY3RzViRjbGFzc6INDoACgAOiEBGABIAFgAdccmVsYXRpdmVQYXRoWWFsaWFzRGF0YV8QVy4uLy4uLy4uLy4uLy4uLy4uL3Vzci9sb2NhbC9DZWxsYXIvYm9vc3QvMS42Ni4wL2luY2x1ZGUvYm9vc3QvdHlwZV90cmFpdHMvbWFrZV92b2lkLmhwcNIXCxgZV05TLmRhdGFPEQHSAAAAAAHSAAIAAAxNYWNpbnRvc2ggSEQAAAAAAAAAAAAAAAAAAADULzTpSCsAAAAZD2ANbWFrZV92b2lkLmhwcAAAAAAAAAAAAAAAAAAAAAAAAAAAAAAAAAAAAAAAAAAAAAAAAAAAAAAAAAAAAAAAAAAAABkP99ZXFYoAAAAAAAAAAAAGAAkAAAkgAAAAAAAAAAAAAAAAAAAAC3R5cGVfdHJhaXRzAAAQAAgAANQvl1kAAAARAAgAANZXd/oAAAABACAAGQ9gABjcwAAY3L8AGNy8ABhyOAAYcjcAGG5tABhcwgACAFpNYWNpbnRvc2ggSEQ6dXNyOgBsb2NhbDoAQ2VsbGFyOgBib29zdDoAMS42Ni4wOgBpbmNsdWRlOgBib29zdDoAdHlwZV90cmFpdHM6AG1ha2Vfdm9pZC5ocHAADgAcAA0AbQBhAGsAZQBfAHYAbwBpAGQALgBoAHAAcAAPABoADABNAGEAYwBpAG4AdABvAHMAaAAgAEgARAASAEV1c3IvbG9jYWwvQ2VsbGFyL2Jvb3N0LzEuNjYuMC9pbmNsdWRlL2Jvb3N0L3R5cGVfdHJhaXRzL21ha2Vfdm9pZC5ocHAAABMAAS8A//8AAIAG0hscHR5aJGNsYXNzbmFtZVgkY2xhc3Nlc11OU011dGFibGVEYXRhox0fIFZOU0RhdGFYTlNPYmplY3TSGxwiI1xOU0RpY3Rpb25hcnmiIiBfEA9OU0tleWVkQXJjaGl2ZXLRJidUcm9vdIABAAgAEQAaACMALQAyADcAQABGAE0AVQBgAGcAagBsAG4AcQBzAHUAdwCEAI4A6ADtAPUCywLNAtIC3QLmAvQC+AL/AwgDDQMaAx0DLwMyAzcAAAAAAAACAQAAAAAAAAAoAAAAAAAAAAAAAAAAAAADOQ==}}

@conference{aeromodeling,
	Author = {Michael D. Patterson and Matthew J. Daskilewicz and Brian J. German},
	Booktitle = {Aerospace Sciences Meeting},
	Date-Added = {2017-03-31 21:13:10 +0000},
	Date-Modified = {2017-04-21 17:07:54 +0000},
	Keywords = {Aerodynamics Needs for Multi Rotor},
	Month = {Jan},
	Number = {2014-0534},
	Publisher = {AIAA},
	Title = {Conceptual Design of Electric Aircraft with Distributed Propellers: Multidisciplinary Analysis Needs and Aerodynamic Modeling Development},
	Year = {2014},
	Bdsk-File-1 = {YnBsaXN0MDDUAQIDBAUGJCVYJHZlcnNpb25YJG9iamVjdHNZJGFyY2hpdmVyVCR0b3ASAAGGoKgHCBMUFRYaIVUkbnVsbNMJCgsMDxJXTlMua2V5c1pOUy5vYmplY3RzViRjbGFzc6INDoACgAOiEBGABIAFgAdccmVsYXRpdmVQYXRoWWFsaWFzRGF0YV8QMy4uLy4uLy4uL3BhcGVycy9Qcm9wL011bHRpL0Flcm9Nb2RlbGluZ0Zvck11bHRpLnBkZtIXCxgZV05TLmRhdGFPEQHWAAAAAAHWAAIAAAxNYWNpbnRvc2ggSEQAAAAAAAAAAAAAAAAAAADULzTpSCsAAAAVmu0YQWVyb01vZGVsaW5nRm9yTXVsdGkucGRmAAAAAAAAAAAAAAAAAAAAAAAAAAAAAAAAAAAAAAAAAAAAAAAAAAAAABWa79TtiQcAAAAAAAAAAAADAAQAAAkgAAAAAAAAAAAAAAAAAAAABU11bHRpAAAQAAgAANQvl1kAAAARAAgAANTt63cAAAABABgAFZrtABWaxAAVkaMAFVXaABJf+wASX/kAAgBUTWFjaW50b3NoIEhEOlVzZXJzOgBrbW9vcmU6AERvY3VtZW50czoAcGFwZXJzOgBQcm9wOgBNdWx0aToAQWVyb01vZGVsaW5nRm9yTXVsdGkucGRmAA4AMgAYAEEAZQByAG8ATQBvAGQAZQBsAGkAbgBnAEYAbwByAE0AdQBsAHQAaQAuAHAAZABmAA8AGgAMAE0AYQBjAGkAbgB0AG8AcwBoACAASABEABIAQVVzZXJzL2ttb29yZS9Eb2N1bWVudHMvcGFwZXJzL1Byb3AvTXVsdGkvQWVyb01vZGVsaW5nRm9yTXVsdGkucGRmAAATAAEvAAAVAAIADf//AACABtIbHB0eWiRjbGFzc25hbWVYJGNsYXNzZXNdTlNNdXRhYmxlRGF0YaMdHyBWTlNEYXRhWE5TT2JqZWN00hscIiNcTlNEaWN0aW9uYXJ5oiIgXxAPTlNLZXllZEFyY2hpdmVy0SYnVHJvb3SAAQAIABEAGgAjAC0AMgA3AEAARgBNAFUAYABnAGoAbABuAHEAcwB1AHcAhACOAMQAyQDRAqsCrQKyAr0CxgLUAtgC3wLoAu0C+gL9Aw8DEgMXAAAAAAAAAgEAAAAAAAAAKAAAAAAAAAAAAAAAAAAAAxk=}}

@conference{multi-interference,
	Author = {Seokkwan Yoon and Henry C. Lee and Thomas H. Pulliam},
	Date-Added = {2017-03-31 20:02:19 +0000},
	Date-Modified = {2017-04-21 17:05:35 +0000},
	Keywords = {multi rotor interference},
	Month = {Jan},
	Number = {2016-0812},
	Organization = {AIAA Aerospace Sciences Meeting},
	Publisher = {AIAA},
	Title = {Computational Analysis of Multi-Rotor Flows},
	Year = {2016},
	Bdsk-File-1 = {YnBsaXN0MDDUAQIDBAUGJCVYJHZlcnNpb25YJG9iamVjdHNZJGFyY2hpdmVyVCR0b3ASAAGGoKgHCBMUFRYaIVUkbnVsbNMJCgsMDxJXTlMua2V5c1pOUy5vYmplY3RzViRjbGFzc6INDoACgAOiEBGABIAFgAdccmVsYXRpdmVQYXRoWWFsaWFzRGF0YV8QOS4uLy4uLy4uL3BhcGVycy9Qcm9wL1Byb3BPblByb3AvTXVsdGlQcm9wSW50ZXJmZXJlbmNlLnBkZtIXCxgZV05TLmRhdGFPEQHoAAAAAAHoAAIAAAxNYWNpbnRvc2ggSEQAAAAAAAAAAAAAAAAAAADULzTpSCsAAAAVm1UZTXVsdGlQcm9wSW50ZXJmZXJlbmNlLnBkZgAAAAAAAAAAAAAAAAAAAAAAAAAAAAAAAAAAAAAAAAAAAAAAAAAAABWbWNSmb+wAAAAAAAAAAAADAAQAAAkgAAAAAAAAAAAAAAAAAAAAClByb3BPblByb3AAEAAIAADUL5dZAAAAEQAIAADUptJcAAAAAQAYABWbVQAVmsQAFZGjABVV2gASX/sAEl/5AAIAWk1hY2ludG9zaCBIRDpVc2VyczoAa21vb3JlOgBEb2N1bWVudHM6AHBhcGVyczoAUHJvcDoAUHJvcE9uUHJvcDoATXVsdGlQcm9wSW50ZXJmZXJlbmNlLnBkZgAOADQAGQBNAHUAbAB0AGkAUAByAG8AcABJAG4AdABlAHIAZgBlAHIAZQBuAGMAZQAuAHAAZABmAA8AGgAMAE0AYQBjAGkAbgB0AG8AcwBoACAASABEABIAR1VzZXJzL2ttb29yZS9Eb2N1bWVudHMvcGFwZXJzL1Byb3AvUHJvcE9uUHJvcC9NdWx0aVByb3BJbnRlcmZlcmVuY2UucGRmAAATAAEvAAAVAAIADf//AACABtIbHB0eWiRjbGFzc25hbWVYJGNsYXNzZXNdTlNNdXRhYmxlRGF0YaMdHyBWTlNEYXRhWE5TT2JqZWN00hscIiNcTlNEaWN0aW9uYXJ5oiIgXxAPTlNLZXllZEFyY2hpdmVy0SYnVHJvb3SAAQAIABEAGgAjAC0AMgA3AEAARgBNAFUAYABnAGoAbABuAHEAcwB1AHcAhACOAMoAzwDXAsMCxQLKAtUC3gLsAvAC9wMAAwUDEgMVAycDKgMvAAAAAAAAAgEAAAAAAAAAKAAAAAAAAAAAAAAAAAAAAzE=}}

@techreport{MDODEP,
	Author = {Leifur Thor Leifsson and Andy Ko and William H. Mason and Joseph A. Schetz and Raphael T. Haftka and Bernard Grossman},
	Date-Added = {2017-03-31 19:18:26 +0000},
	Date-Modified = {2017-03-31 19:21:05 +0000},
	Institution = {Multidisciplinary Analysis and Design Center for Advanced Vehicles},
	Keywords = {MDO DEP blended wing body},
	Month = {May},
	Title = {Multidisciplinary Design Optimization for a Blended Wing Body Transport Aircraft with Distributed Propulsion},
	Year = {2005},
	Bdsk-File-1 = {YnBsaXN0MDDUAQIDBAUGJCVYJHZlcnNpb25YJG9iamVjdHNZJGFyY2hpdmVyVCR0b3ASAAGGoKgHCBMUFRYaIVUkbnVsbNMJCgsMDxJXTlMua2V5c1pOUy5vYmplY3RzViRjbGFzc6INDoACgAOiEBGABIAFgAdccmVsYXRpdmVQYXRoWWFsaWFzRGF0YV8QQy4uLy4uLy4uL3BhcGVycy9Qcm9wL09wdGltaXphdGlvbldJdGhQcm9wdWxzaW9uL01ET19ERVBfYmxlbmRlZC5wZGbSFwsYGVdOUy5kYXRhTxECAAAAAAACAAACAAAMTWFjaW50b3NoIEhEAAAAAAAAAAAAAAAAAAAA1C806UgrAAAAFZsME01ET19ERVBfYmxlbmRlZC5wZGYAAAAAAAAAAAAAAAAAAAAAAAAAAAAAAAAAAAAAAAAAAAAAAAAAAAAAAAAAAAAVmxHVA/l2AAAAAAAAAAAAAwAEAAAJIAAAAAAAAAAAAAAAAAAAABpPcHRpbWl6YXRpb25XSXRoUHJvcHVsc2lvbgAQAAgAANQvl1kAAAARAAgAANUEW+YAAAABABgAFZsMABWaxAAVkaMAFVXaABJf+wASX/kAAgBkTWFjaW50b3NoIEhEOlVzZXJzOgBrbW9vcmU6AERvY3VtZW50czoAcGFwZXJzOgBQcm9wOgBPcHRpbWl6YXRpb25XSXRoUHJvcHVsc2lvbjoATURPX0RFUF9ibGVuZGVkLnBkZgAOACgAEwBNAEQATwBfAEQARQBQAF8AYgBsAGUAbgBkAGUAZAAuAHAAZABmAA8AGgAMAE0AYQBjAGkAbgB0AG8AcwBoACAASABEABIAUVVzZXJzL2ttb29yZS9Eb2N1bWVudHMvcGFwZXJzL1Byb3AvT3B0aW1pemF0aW9uV0l0aFByb3B1bHNpb24vTURPX0RFUF9ibGVuZGVkLnBkZgAAEwABLwAAFQACAA3//wAAgAbSGxwdHlokY2xhc3NuYW1lWCRjbGFzc2VzXU5TTXV0YWJsZURhdGGjHR8gVk5TRGF0YVhOU09iamVjdNIbHCIjXE5TRGljdGlvbmFyeaIiIF8QD05TS2V5ZWRBcmNoaXZlctEmJ1Ryb290gAEACAARABoAIwAtADIANwBAAEYATQBVAGAAZwBqAGwAbgBxAHMAdQB3AIQAjgDUANkA4QLlAucC7AL3AwADDgMSAxkDIgMnAzQDNwNJA0wDUQAAAAAAAAIBAAAAAAAAACgAAAAAAAAAAAAAAAAAAANT}}

@conference{Helios,
	Author = {Thomas E. Noll and Stephen D. Ishmael and Bart Henwood and Marla E. Perez-Davis and Geary C Tiffany and John Madura and Matthew Gaier and John M Brown and Ted Wierzbanowski},
	Date-Added = {2017-03-30 17:39:45 +0000},
	Date-Modified = {2018-10-11 02:50:37 +0000},
	Keywords = {Helios Failure},
	Organization = {NASA Langley Research Center Hampton VA.},
	Title = {Technical Findings, Lessons Learned, and Recommendations Resulting from the Helios Prototype Vehicle Mishap},
	Year = {2007},
	Bdsk-File-1 = {YnBsaXN0MDDUAQIDBAUGJCVYJHZlcnNpb25YJG9iamVjdHNZJGFyY2hpdmVyVCR0b3ASAAGGoKgHCBMUFRYaIVUkbnVsbNMJCgsMDxJXTlMua2V5c1pOUy5vYmplY3RzViRjbGFzc6INDoACgAOiEBGABIAFgAdccmVsYXRpdmVQYXRoWWFsaWFzRGF0YV8QIy4uLy4uLy4uLy4uL0Rvd25sb2Fkcy9BREE0Nzg3NzEucGRm0hcLGBlXTlMuZGF0YU8RAXoAAAAAAXoAAgAADE1hY2ludG9zaCBIRAAAAAAAAAAAAAAAAAAAANQvQvlIKwAAABFVsA1BREE0Nzg3NzEucGRmAAAAAAAAAAAAAAAAAAAAAAAAAAAAAAAAAAAAAAAAAAAAAAAAAAAAAAAAAAAAAAAAAAAAOXiV1QKQJwAAAAAAAAAAAAQAAgAACSAAAAAAAAAAAAAAAAAAAAAJRG93bmxvYWRzAAAQAAgAANQvl1kAAAARAAgAANUC5IcAAAABAAwAEVWwABFVrQAGYNAAAgA0TWFjaW50b3NoIEhEOlVzZXJzOgBrbW9vcmU6AERvd25sb2FkczoAQURBNDc4NzcxLnBkZgAOABwADQBBAEQAQQA0ADcAOAA3ADcAMQAuAHAAZABmAA8AGgAMAE0AYQBjAGkAbgB0AG8AcwBoACAASABEABIAJFVzZXJzL2ttb29yZS9Eb3dubG9hZHMvQURBNDc4NzcxLnBkZgATAAEvAAAVAAIADf//AACABtIbHB0eWiRjbGFzc25hbWVYJGNsYXNzZXNdTlNNdXRhYmxlRGF0YaMdHyBWTlNEYXRhWE5TT2JqZWN00hscIiNcTlNEaWN0aW9uYXJ5oiIgXxAPTlNLZXllZEFyY2hpdmVy0SYnVHJvb3SAAQAIABEAGgAjAC0AMgA3AEAARgBNAFUAYABnAGoAbABuAHEAcwB1AHcAhACOALQAuQDBAj8CQQJGAlECWgJoAmwCcwJ8AoECjgKRAqMCpgKrAAAAAAAAAgEAAAAAAAAAKAAAAAAAAAAAAAAAAAAAAq0=}}
